2376 2837
964 144 1023 152 -
1153 118 1211 165 13
1339 142 1399 150 .-

347 242 665 283 Auerni-simam»
681 242 821 281 cicero
856 244 899 282 in
931 244 1109 283 oratione
1133 255 1207 294 pro
1223 243 1278 282 Ρ.
1307 243 1416 282 Sulla
1440 242 1561 289 inam,
1595 241 1711 292 cujus
1745 251 1817 279 nos
1849 238 1967 278 modo
2003 238 2115 276 nobis

240 305 790 355 imagineminformavimus,
819 310 934 345 vocat
958 310 1127 355 noctem,
1163 319 1243 345 uon
1269 318 1342 344 sus
1368 305 1527 355 quidem
1556 304 1676 353 magIs
1703 315 1820 352 quam
1845 303 1905 339 rei
1931 301 2116 350 publicae

240 366 460 417 respiciens
492 369 694 417 tempora:
749 356 905 417 poterat
943 380 1037 408 vero
1086 368 1469 407 aerumnosissimam
1516 367 1651 405 dicere
1692 368 1733 403 et
1770 363 2113 401 luctuosissimum.

240 427 419 467 mandem
441 438 524 467 uon
542 432 727 479 exoptata
751 430 819 467 illa
840 431 1012 480 quidem,
1040 432 1309 482 quippequae
1335 431 1574 480 ipsissimum
1594 431 1723 467 ferret
1739 426 1975 477 periculum,
2002 423 2116 461 adest

240 492 322 538 lux,
346 491 459 529 adest
477 492 523 529 G.
544 491 751 531 cornelius
772 506 860 532 cum
874 493 1117 545 Varguntejo
1131 494 1349 545 (Marcium
1363 498 1405 531 et
1416 492 1635 542 Cethegum
1648 491 1746 529 dicit
1758 489 1862 528 Plut.
1876 488 1959 526 Cic.
1975 497 2008 523 c.
2023 481 2115 535 16);

241 553 349 592 servi
360 565 407 593 se
418 557 489 595 eos
510 554 752 595 admissuros
775 560 929 607 negant.
982 556 1045 594 llli
1071 556 1281 607 indignari,
1309 570 1366 605 se,
1399 557 1507 595 viros
1532 555 1608 593 bac
1635 554 1838 604 dignitate,
1864 551 1943 589 hoc
1969 558 2114 599 genere

240 616 398 654 excludi
423 629 448 654 a
475 617 651 664 consule,
680 620 901 666 vociferari,
936 620 1137 658 clamitare
1171 624 1214 658 et
1237 619 1316 659 hoc
1340 620 1427 670 ipso
1455 617 1631 657 intrandi
1667 618 1812 655 conatu
1844 611 2113 663 suspicionem

240 678 283 714 in
310 689 355 715 se
382 690 643 718 commovere.
703 681 875 719 Feroces
902 689 1041 719 eorum
1068 690 1271 719 sermones
1297 686 1339 719 et
1371 680 1593 718 minitantia
1627 679 1734 716 dicta
1768 675 2034 714 exaudiuntur
2066 671 2113 706 ab

240 738 303 786 iis,
330 740 400 789 qui
427 740 692 779 inclusi'sunt
718 755 809 779 cum
836 743 1011 789 consule,
1038 746 1082 779 et
1105 742 1375 790 redintegrata
1401 753 1471 779 eos
1498 741 1675 778 intrandi
1696 738 1902 776 conamina
1924 745 2003 772 non
2026 733 2114 771 sine

191 824 202 830 -
240 802 390 853 majore
418 803 590 853 quodam
617 804 783 842 consilio
811 805 969 842 venisse
993 802 1219 842 ostendunt.
1274 803 1389 841 Servi
1415 807 1549 841 tamen
1576 812 1698 851 quum
1726 798 1826 838 nihil
1850 797 1948 848 ipsis
1971 805 2113 834 conce-

242 864 411 912 derent,‘
425 869 639 914 postremo,
652 865 803 903 infecta
828 867 877 902 re
902 865 1126 903 discedunt.

346 926 545 964 Postridie
576 926 701 976 hujus
728 928 857 966 noctis
883 927 979 978 quid
1006 927 1061 966 sit
1087 929 1251 975 factum,
1284 927 1613 976 quemadmodum
1633 926 1774 964 Cicero
1794 922 2004 961 Catilinam
2030 921 2113 970 eJe-

243 989 359 1037 uerit,
388 989 580 1037 emiserit,
608 993 841 1037 uotumest3
868 1002 997 1040 neque
1024 990 1124 1029 illud
1146 995 1280 1029 nostra
1307 991 1447 1038 refert,
1474 990 1654 1040 pluribus
1677 997 1887 1037 exponere,
1916 980 2114 1033 quomodo

240 1051 339 1090 socii
361 1051 482 1102 huius
510 1053 798 1102 conjurationis
826 1053 1078 1103 deprehensi,
1114 1053 1236 1090 certis
1263 1053 1422 1091 indiciis
1450 1052 1623 1091 convicti
1650 1055 1692 1089 et
1718 1051 1760 1086 in
1790 1047 2011 1085 custodiam
2030 1043 2113 1082 dati

238 1115 331 1153 sint.
384 1113 522 1152 Duces
530 1116 615 1165 jam
639 1115 904 1165 conjurationi
927 1116 1104 1163 deerant,
1120 1116 1263 1164 ipsum
1283 1118 1416 1153 tamen
1436 1116 1583 1154 malum
1604 1115 1835 1163 neutiquam
1857 1109 2109 1152 exstinctum,

239 1178 360 1215 immo
386 1176 632 1226 captivorum
658 1176 792 1214 liberti
819 1182 861 1216 et
888 1178 1052 1216 clientes
1077 1178 1182 1216 vitae
1215 1180 1257 1215 et
1281 1177 1401 1217 saluti
1427 1180 1687 1227 patronorum
1712 1176 1911 1217 timentes,
1939 1170 2109 1208 circum-

238 1241 369 1286 ibant,
402 1238 658 1286 tenuissimos
685 1239 985 1287 sollicitabant,
1006 1239 1517 1290 promittebantpecunias,
1546 1240 1798 1277 inimicorum
1824 1235 1991 1273 miseros
2019 1231 2110 1268 illos

240 1302 390 1340 artibus
424 1304 468 1338 et
498 1301 649 1338 invidia
682 1302 972 1339 circumventos
1008 1302 1270 1349 clamitabant,
1302 1302 1422 1340 immo
1458 1303 1494 1340 si
1521 1306 1655 1340 essent
1679 1301 1743 1339 vel
1770 1298 1936 1336 maxime
1962 1295 2111 1337 sontes,

238 1369 374 1403 tamen
401 1362 578 1401 defuisse
600 1363 772 1413 judices,
806 1364 1003 1402 ademtam
1028 1364 1071 1401 in
1099 1363 1280 1402 exsilium
1308 1364 1479 1403 abeundi
1506 1367 1759 1414 potestatem,
1793 1370 1896 1410 quae
1930 1354 2112 1395 omnibus

240 1427 334 1464 dm
360 1427 415 1464 sit
440 1426 592 1462 civibus
619 1425 817 1471 Romanis,
856 1426 1081 1474 pollicendo
1109 1426 1280 1475 denique
1312 1427 1579 1475 praedamque
1614 1426 1786 1475 opimam
1821 1422 1981 1460 infimae
2007 1417 2113 1467 plebi

239 1491 282 1527 in
308 1501 460 1527 summa
485 1500 628 1525 rerum·
646 1489 948 1535 perturbatione
976 1489 1224 1527 ostendendo
1257 1502 1437 1540 magnum
1466 1490 1553 1539 jam
1580 1489 1657 1527 sibi
1689 1489 1779 1538 ejus
1807 1493 2014 1523 numerum
2043 1478 2111 1517 ad-

234 1551 467 1603 junxerant,
481 1551 569 1587 *nec
596 1550 824 1599 apparebat,
853 1563 1042 1599 quorsum
1069 1551 1172 1589 illud
1197 1552 1344 1590 malum
1373 1555 1477 1590 esset
1504 1563 1724 1590 evasurum.

344 1614 450 1651 Tum
476 1613 617 1650 Cicero
644 1612 831 1649 hortante
858 1614 1053 1662 virginum
1079 1614 1301 1653 Vestalium
1328 1616 1503 1665 impulsu
1530 1615 1732 1660 Terentia,
1767 1612 2001 1649 admonente
2028 1610 2111 1645 fra-

239 1684 314 1716 tre·
330 1680 372 1714 et
396 1676 441 1713 P.
469 1675 630 1725 Nigidio
658 1674 801 1723 Figulo
829 1673 954 1726 (mut,
976 1676 1062 1719 Cic.
1083 1689 1119 1715 e.
1138 1675 1226 1728 Ἀ.)
1251 1677 1377 1716 Nonis
1390 1677 1674 1716 Decembribus
1688 1677 1875 1715 Senatum
1903 1674 1946 1710 in
1974 1671 2111 1718 aedem

235 1739 346 1778 Jovis
358 1736 776 1790 Statotislcou-vocavit,
790 1741 982 1792 quaejam
996 1742 1102 1778 esset
1113 1751 1247 1778 rerum
1261 1740 1435 1778 conditio
1451 1739 1632 1789 exposuit
1652 1742 1693 1776 et
1707 1738 1857 1783 retulit,
1873 1736 1970 1787 qnid
1983 1735 2034 1772 de
2056 1736 2106 1771 iis

238 1802 537 1852 placeret-ficri,
558 1804 626 1851 qni
646 1813 736 1839 cum
748 1801 919 1841 Catilina
937 1805 1226 1854 conjurassent.
1268 1804 1315 1840 l).
1336 1803 1480 1840 deinde
1499 1804 1669 1847 Silanus,
1691 1813 1805 1850 quem
1828 1801 2027 1838 consulem
2043 1799 2108 1835 de-

240 1865 436 1915 signatum
461 1864 633 1915 primum
654 1864 702 1902 e'x
716 1876 827 1902 more
848 1864 982 1903 dicere
998 1866 1121 1916 jussit
1140 1866 1392 1913 sententiam,
1419 1866 1460 1903 in
1481 1878 1562 1912 eos,
1584 1865 1652 1915 qui
1672 1870 1808 1902 contra
1827 1862 1992 1911 patriam
2013 1873 2107 1899 con-

232 1928 450 1977 jurassent,
458 1928 613 1965 censuit
626 1931 672 1965 ut
684 1927 727 1964 in
735 1927 870 1965 hostes
881 1929 1285 1975 animadvertendum,
1301 1932 1554 1977 extremoque
1569 1939 1635 1965 eos
1644 1926 1769 1964 voluit
1783 1925 1891 1962 affici
1898 1924 2108 1972 supplicio.

239 1989 283 2027 ln
297 1990 413 2040 cujus
427 1991 676 2038 sententiam,
698 1990 765 2040 qui
780 1994 872 2038 post
891 2002 981 2028 eum
1001 1991 1236 2029 sententiam
1256 1991 1453 2037 dixerunt,
1474 1991 1575 2028 alter
1590 1989 1726 2028 consul
1741 1987 1979 2037 designatus,
1993 1998 2108 2036 prae-

236 2056 346 2089 tores
359 2056 565 2101 praeterea
578 2053 736 2101 quidam
752 2053 946 2102 designati
954 2053 1234 2097 concedebant,
1249 2052 1375 2090 donec
1388 2053 1625 2090 sententiam
1635 2051 1768 2089 dicere
1778 2052 1916 2100 jussus
1926 2049 2000 2086 c.J
2004 2050 2109 2087 nlius

443 2196 566 2229 animo
588 2196 740 2229 fortiore
764 2197 900 2238 essetis,
924 2196 995 2230 nisi
1018 2189 1091 2230 vos*
1102 2195 1270 2229 fortiores
1293 2206 1516 2241 cognossem,
1537 2206 1644 2239 quam
1667 2205 1883 2239 quemquam
1906 2194 2048 2229 virum:
2075 2201 2111 2230 et

380 2250 389 2253 ’
446 2250 492 2281 ad
514 2249 589 2282 Aa.
613 2250 658 2289 X,
679 2250 714 2289 8,
735 2249 773 2285 9.
827 2250 901 2282 Hic
930 2254 1047 2284 tamen
1073 2249 1207 2289 videat,
1235 2249 1377 2283 nihilne
1407 2250 1573 2284 videatur
1595 2250 1769 2284 interesse
1793 2249 1888 2282 inter
1909 2249 2054 2291 puellae
2077 2254 2112 2282 ct

445 2305 630 2338 matronae
651 2303 850 2348 ingenium.
