2376 2837
973 175 1378 222 ...4-

231 307 312 342 tem
340 302 518 341 criticam
540 300 735 350 despiciat
762 306 805 339 et
831 306 1074 351 contemnat3
1101 307 1256 342 tantum
1283 303 1389 341 enim
1416 305 1492 351 est,
1515 301 1625 341 illam
1646 305 1810 340 strenue
1831 301 1979 341 facere.
2022 300 2117 340 Plu-

231 367 331 404 rima
358 365 598 403 conveniant
625 376 746 414 saepe
775 377 939 403 necesse
967 371 1042 413 est,
1080 371 1125 404 ut
1152 369 1263 405 certo
1289 366 1418 416 possit
1445 364 1496 404 de
1523 365 1658 416 aliqua
1685 374 1731 402 re
1757 365 1905 411 statui;
1944 364 2019 403 alia
2052 374 2118 401 ve-

232 432 360 465 terum
388 426 570 465 codicum
599 427 680 464 fide
708 432 748 465 et
775 428 1001 466 testimonio
1031 429 1298 483 dijudicanda,
1335 429 1413 466 alia
1447 428 1707 478 grammaticis
1741 426 1901 477 linguae
1936 427 2120 478 legibus3

233 489 283 526 ad
310 490 498 526 nonnulla
523 490 699 527 historia‘
720 491 838 536 valet,
872 491 914 526 in
952 492 1039 530 aliis
1067 491 1370 541 philosophandi
1403 490 1597 540 quaedam
1630 491 1733 528 ratio
1767 501 1964 527 amnmum
1997 489 2121 527 habet

233 555 493 598 momentum,
521 552 562 588 in
591 563 710 600 quam
739 553 874 590 multis
903 565 1057 591 morum
1080 557 1120 590 et
1150 552 1498 599 consuetudinum,
1534 553 1860 591 institutorumve
1895 551 1999 589 ratio
2041 550 2120 589 sibi

234 613 416 651 vindicat
430 613 643 663 judicium.
685 614 879 663 Exemplo
901 615 955 653 sit
974 615 1181 661 Horatius;
1209 626 1327 664 quam
1350 614 1475 653 multa
1497 615 1540 652 in
1563 614 1632 652 illo
1652 613 1828 665 Bentleji
1855 613 1958 651 vidit
1985 612 2120 650 divina

235 676 424 725 sagacitas
453 680 495 712 et
522 687 689 713 acumen
718 677 951 724 mirandum,
980 690 1097 727 quam
1124 677 1247 716 usulta
1273 681 1407 715 tamen
1435 677 1602 714 eximiae
1623 676 1684 713 illi
1705 676 1884 726 reliquit,
1911 687 1989 725 qua
2011 673 2121 711 Wie-

233 736 392 776 landius
420 741 558 777 noster
586 738 815 786 excellebat,
843 751 998 778 morum
1026 740 1189 779 notitiae
1215 739 1459 789 humanique
1479 737 1631 789 ingenii
1652 737 1832 788 peritiae,
1856 749 1972 789 quam
1997 734 2123 774 multa

233 799 304 835 ille
326 800 377 835 ad
404 802 630 849 poematum
652 801 811 849 lepores
835 805 876 838 et
898 806 1142 839 venustatem
1162 803 1374 847 revocavit,
1402 802 1444 837 in
1467 801 1611 850 quibus
1634 804 1704 838 aut
1725 799 1827 836 nihil
1849 801 2027 846 vidisset,
2053 800 2123 834 aut

234 873 256 898 a
269 874 362 899 vero
376 863 598 900 aberrasset
613 867 794 901 veterum
809 864 1037 902 criticorum
1052 865 1179 902 tristis
1201 864 1419 910 severitas3
1455 875 1570 913 quam
1590 863 1714 902 multa
1732 865 1866 901 tamen
1886 862 2034 900 nostris
2053 862 2124 899 ho-

234 924 409 962 minibus
436 924 604 972 reliquit
639 936 687 962 ex
715 926 879 964 meliore
906 939 1072 974 morum,
1109 925 1454 974 consuetudinum,
1488 926 1768 976 antiquitatum
1802 924 1989 975 denique,
2023 935 2122 974 quas

237 986 390 1033 dicunt,
418 986 587 1025 scientia
613 987 871 1035 emendanda,
908 991 970 1027 vel
997 1002 1046 1028 ex
1073 990 1294 1028 accuratius
1320 992 1529 1038 perspecta
1555 987 1775 1044 meliusque
1802 990 1967 1027 excussa
1985 986 2125 1025 verbo-

237 1060 326 1087 rum
353 1049 656 1098 significatione,
690 1050 842 1088 rectius
872 1051 1047 1100 denique
1075 1051 1303 1090 constitutis
1338 1051 1615 1100 grammaticae
1648 1050 1806 1100 legibus
1840 1047 2123 1100 dijudicanda!

237 1110 346 1159 Quid
381 1111 509 1157 quod
523 1111 735 1148 multarum
769 1123 906 1148 rerum
941 1113 1061 1150 etiam
1096 1124 1201 1150 nunc
1243 1112 1433 1161 splendor
1473 1112 1574 1149 latet
1607 1115 1650 1149 et
1688 1112 1736 1149 ab
1780 1111 1948 1149 historia
1986 1110 2124 1149 aliisve

237 1171 459 1221 disciplinis
493 1171 636 1209 melius
669 1173 957 1221 pertractandis
991 1185 1108 1212 suum
1143 1177 1346 1224 exspectat
1373 1173 1587 1223 Judicium.
1650 1173 1768 1223 Quod
1802 1174 1837 1210 si
1871 1176 1953 1212 tam
1986 1173 2122 1212 multis

237 1233 390 1271 artibus
418 1234 657 1272 instructum
686 1246 773 1272 esse
801 1239 958 1283 oportet
985 1248 1089 1282 eum,
1118 1236 1188 1283 qui
1215 1235 1347 1272 critici
1376 1235 1515 1273 officio
1544 1236 1592 1273 ab
1620 1236 1728 1273 omni
1754 1239 1871 1284 parte
1898 1236 2124 1274 satisfactu-

239 1307 309 1335 rus
338 1298 412 1343 est,
445 1294 543 1346 quid
570 1295 726 1344 mirum,
762 1297 797 1335 si
824 1300 915 1347 post
941 1300 1004 1336 tot
1030 1301 1236 1348 tantasque
1264 1295 1586 1336 doctissimorum
1612 1296 1821 1336 hominum
1849 1308 1965 1336 curas
1999 1297 2124 1336 multa

239 1363 373 1395 tamen
400 1359 444 1393 in
470 1359 647 1395 tenebris
674 1360 802 1409 posita
828 1364 933 1406 sunt,
967 1361 1017 1396 de
1051 1361 1194 1409 quibus
1223 1359 1513 1409 perspiciendis
1549 1361 1779 1408 neutiquam
1812 1361 1925 1396 nobis
1961 1364 2023 1396 est
2057 1359 2125 1396 de-

240 1422 517 1469 sperandum?
558 1423 677 1468 Quin,
716 1424 843 1459 auctis
871 1435 1113 1460 summorum
1140 1423 1317 1458 virorum
1344 1434 1435 1459 cum
1471 1422 1654 1459 doctrina
1686 1425 1773 1458 tum
1806 1422 1965 1470 iugenio
1999 1423 2128 1462 literis

242 1485 285 1519 et
304 1482 464 1532 optimis
484 1483 649 1530 artibus,
677 1483 739 1522 vel
768 1484 898 1521 minus
926 1483 1035 1522 docti
1062 1482 1251 1522 accedere
1274 1486 1442 1533 possunt
1464 1483 1515 1522 ad
1535 1482 1812 1535 judicandum,
1840 1482 2014 1534 satisque
2034 1494 2128 1522 con-

241 1546 367 1583 fidere
395 1546 537 1590 animo,
571 1546 661 1582 fleri
688 1558 818 1595 posse,
854 1551 913 1592 ut,
941 1547 990 1583 de
1019 1548 1162 1596 quibus
1190 1547 1362 1594 optimus
1397 1547 1566 1595 quisque
1599 1545 1680 1584 huc
1715 1558 1840 1595 usque
1874 1545 2128 1599 dubitaverit,

242 1621 351 1646 nunc
379 1608 455 1657 ipsi
482 1609 525 1646 in
552 1609 683 1647 lucem
712 1609 880 1646 efferant
907 1614 1098 1660 certoque
1126 1609 1386 1647 constituant.

348 1670 393 1707 ln
422 1671 596 1709 animum
630 1671 766 1709 induxi
802 1671 852 1708 de
887 1676 1029 1722 quarta
1063 1671 1243 1710 oratione
1270 1671 1475 1709 Ciceronis
1510 1671 1553 1708 in
1586 1670 1798 1709 Catilinam
1832 1671 1970 1709 habita
2005 1683 2125 1722 quae-

244 1734 332 1771 dam
358 1734 401 1770 in
429 1733 603 1771 medium
629 1735 813 1784 proferre
840 1734 1252 1783 adolescentibusque,
1288 1735 1357 1784 qui
1383 1735 1449 1773 his
1476 1734 1623 1772 nostris
1651 1732 1875 1771 formantur
1902 1737 2127 1785 praeceptis

248 1800 291 1834 et
311 1796 533 1846 disciplina,
562 1802 615 1845 et,
646 1798 680 1835 si
708 1797 797 1847 quis
825 1798 933 1835 forte
960 1801 1121 1846 praeter
1148 1809 1216 1844 eos
1243 1798 1343 1835 haec
1369 1797 1550 1835 lecturus
1578 1800 1652 1843 est,
1680 1795 1777 1846 quid
1805 1795 1855 1834 de
1882 1807 1927 1851 ea
1954 1798 2132 1847 sentiam,

248 1859 427 1908 aperire3
462 1859 649 1895 videntur
676 1860 782 1895 enim
810 1860 908 1896 mihi
936 1859 1130 1907 quaedam
1166 1860 1438 1904 difficultates,
1473 1859 1617 1906 quibus
1646 1859 1715 1894 illa
1741 1858 1933 1905 impedita
1960 1863 2033 1904 est,
2068 1872 2128 1907 ea,

246 1933 326 1971 qna
354 1932 460 1958 nunc
486 1921 716 1969 gaudemus,
744 1921 969 1958 litterarum
996 1921 1085 1957 luce
1111 1933 1227 1969 posse
1254 1921 1464 1958 removeri.
1518 1920 1781 1958 Nobilitatum
1809 1931 1896 1958 esse
1923 1921 2128 1962 Ciceronis

245 1995 391 2022 nomen
419 1983 482 2020 his
510 1983 755 2020 orationibus
781 1983 987 2028 habendis,
1016 1982 1104 2030 quis
1132 1983 1293 2020 tandem
1321 1983 1482 2020 nescit?
1522 1983 1612 2020 Non
1644 1982 1793 2031 ingenii
1827 1987 1963 2031 postea
1988 1985 2130 2034 solum,

246 2046 319 2084 sed
346 2045 545 2083 factorum
572 2045 693 2082 etiam
721 2045 843 2095 gloria
869 2044 1008 2082 floruit
1035 2048 1076 2082 et
1103 2045 1145 2082 in
1173 2044 1419 2093 principibus
1447 2045 1713 2083 Romanorum
1748 2056 1835 2083 esse
1869 2057 1949 2084 non
1984 2046 2130 2086 desiit:

248 2121 326 2159 qua
353 2108 423 2145 ille
450 2107 574 2159 gloria
601 2111 822 2146 commotus
850 2110 891 2143 et
919 2107 1318 2153 adolescentulorum,
1346 2107 1449 2157 quod
1475 2107 1562 2157 ipse
1589 2107 1739 2155 scribit,
1766 2108 1910 2146 studiis
1939 2110 2133 2150 excitatus

247 2172 393 2211 litteris
419 2183 486 2211 eas
504 2164 764 2220 'consignavit
791 2174 833 2207 et
866 2170 1005 2208 edidit.
1069 2170 1265 2220 Sperabat
1300 2170 1402 2216 fore,
1437 2170 1581 2208 uthis
1617 2170 1733 2209 editis
1767 2172 1853 2221 ipse
1888 2172 2132 2221 aliquantum

251 2233 328 2273 sibi
353 2228 570 2273 honestatis
598 2237 641 2272 et
667 2233 920 2272 auctoritatis
948 2233 999 2270 ad
1025 2244 1109 2271 rem
1137 2232 1335 2284 publicam
1363 2234 1534 2283 pararet,
1563 2244 1692 2284 neque
1719 2234 1819 2273 haec
1847 2245 1939 2272 eum
1958 2245 2050 2285 spes
2071 2235 2133 2273 fe-

252 2297 368 2335 fellit.
432 2298 512 2336 Sed
539 2298 671 2347 ipsum
699 2298 813 2334 illum
840 2297 971 2334 locum
998 2308 1264 2347 apponamus:
1304 2296 1434 2345 Epist.
1463 2297 1513 2334 ad
1538 2299 1621 2335 Att.
1650 2298 1698 2345 Π,
1727 2298 1764 2343 1,
1791 2297 1830 2335 3.
1899 2298 2134 2336 Oratiun-

252 2360 385 2399 culas
414 2365 575 2400 autem
603 2363 651 2399 et
678 2371 798 2410 quas
825 2359 1056 2411 postulas
1086 2362 1138 2398 et
1164 2359 1337 2410 plures
1366 2359 1514 2400 etiam
1542 2360 1750 2409 mittam,
1778 2360 2008 2410 quoniam
2030 2360 2133 2409 qui-
