2376 2837
938 148 996 156 -,
1125 120 1372 170 29-

205 247 422 298 &bunnae
446 250 601 299 θυμοῦ
627 249 708 288 καὶ
735 246 1035 301 φρονήματος
1060 247 1149 300 τήν
1176 245 1452 299 σύγκλητον.
1508 249 1640 287 Verba
1670 249 1737 286 ina
1762 246 1931 299 ρὀπήν
1959 260 2087 295 προς·

205 310 374 360 έθηκεν
401 308 426 351 ὁ
456 309 663 362 Κικέρων
692 312 881 350 videntur
913 312 1231 351 luculentissime
1268 312 1481 358 declarare,
1516 312 1631 360 plane
1660 313 1701 348 in
1737 312 1972 349 contrariam
1998 323 2090 361 par-

203 378 298 421 tem,
325 387 371 413 ac
397 375 483 424 ipse
510 374 701 420 voluerat,
729 374 942 415 Ciceronis
957 376 1129 413 vertisse
1155 374 1365 414 consilium
1393 374 1602 424 ipsumque
1632 374 1811 413 Silanum
1846 386 1866 409 a
1903 386 1974 410 sua
2015 374 2086 410 de-

205 435 349 475 fecisse
390 437 585 475 seuteutia
618 437 947 485 magistratusque
988 438 1225 486 designatos,
1268 438 1302 474 si
1330 437 1448 473 fidem
1484 437 1700 474 Plutarcho
1734 436 1894 481 habeas,
1936 449 2085 474 omnes.

205 497 284 547 Qui
312 511 433 549 quum
460 499 568 537 dicat
595 495 640 538 οἱ
666 497 795 550 φίλοι
824 494 997 547 πάντες,
1034 499 1132 537 mihi
1159 499 1319 538 videtur
1346 510 1426 536 non
1453 498 1501 538 ad
1529 498 1600 535 hos
1630 499 1735 537 solos
1762 497 1977 547 respicere,
2005 498 2081 536 sed

208 561 258 598 ad
285 574 354 601 ose
381 564 517 609 etiam,
545 563 614 611 qui
642 563 871 611 priusquam
898 563 1039 601 Cicero
1067 561 1222 601 dixerat
1248 563 1299 600 ad
1326 562 1533 600 Caesarem
1561 562 1802 599 defecerant.

313 624 473 663 Addere
499 624 596 663 licet
622 624 697 670 his,
726 636 826 673 quae
853 625 1023 663 diximus
1052 624 1101 661 dc
1122 623 1302 663 Sallustii
1330 625 1510 662 silentio:
1540 625 1732 661 interesse
1751 624 1857 661 inter
1881 637 1985 670 eum,
2015 626 2083 673 qui

209 688 412 739 vitam,·et
439 698 542 734 eum,
571 688 640 737 qui
666 687 870 725 historiam
898 688 1072 726 scribere
1098 689 1140 725 in
1175 688 1345 726 animum
1382 687 1608 733 induxerit3
1645 685 1760 723 alteri
1794 698 1881 725 esse
1916 699 2086 725 comme-

206 748 449 797 morandum,
477 750 583 799 quod
610 751 710 789 alter
737 749 935 801 negligere
960 751 1098 800 possit,
1126 761 1254 801 neque
1281 750 1381 800 ipsis
1406 749 1607 788 historicis
1626 749 1733 786 idem
1754 759 1841 786 esse
1863 749 2086 794 consilium,

207 822 285 859 quo
312 811 394 858 fiat,
421 814 469 849 ut
494 812 538 849 iu
565 812 730 862 siugulis
757 813 876 850 rebus
905 813 1255 850 commemorandis
1284 813 1427 848 mirum
1453 816 1643 859 quantum
1665 811 1772 846 inter
1791 812 2004 849 historicos
2025 812 2085 847 in-

206 873 336 910 tersit.
391 875 477 921 Qua
503 874 552 911 de
580 887 699 911 causa
725 875 767 910 in
788 874 987 923 judicium
1014 874 1233 911 vocandum
1269 878 1343 919 est,
1377 873 1473 921 quid
1500 873 1543 908 in
1572 873 1739 909 historia
1765 873 1972 910 scribenda
1999 874 2087 911 Sal-

207 934 352 973 lustius
379 936 546 973 maxime
573 939 733 974 secutus
759 936 825 983 sit,
861 934 956 973 inde
983 935 1141 973 demum
1169 934 1302 986 colligi
1337 935 1505 986 poterit,
1542 946 1613 972 cur
1641 933 1842 972 Ciceronis
1871 936 2087 973 orationem

208 997 396 1035 oblivioni
423 998 545 1036 vellet
570 997 771 1045 traditam,
799 997 841 1035 ni
869 1009 914 1035 ea
938 1010 1004 1036 res
1024 999 1137 1048 justo
1166 1011 1238 1037 nos
1265 998 1418 1048 longius
1446 1010 1467 1035 a
1494 997 1700 1047 proposito
1728 1000 1921 1036 avocaret.
1939 994 1978 1047 ¹)

315 1061 415 1108 Jam,
448 1061 483 1098 si
498 1062 640 1110 placet,
669 1060 767 1108 quid
790 1062 998 1111 egerimus,
1027 1061 1274 1110 colligamus3
1300 1060 1395 1110 quid
1410 1060 1670 1105 effecerimus,
1693 1060 1761 1096 alii
1777 1060 1979 1098 videbunt.
2007 1061 2084 1098 De·

208 1126 468 1161 monstratum
504 1123 688 1170 arbitror,
724 1124 882 1173 agnosci
918 1136 941 1161 a
969 1122 1162 1161 Cicerone
1200 1125 1421 1162 orationem
1448 1122 1572 1160 Nonis
1600 1121 1883 1160 Decembribus
1909 1123 2083 1161 habitam

207 1186 249 1221 in
276 1189 426 1231 senatu,
454 1186 613 1234 agnosci
638 1185 757 1234 hujus
785 1186 960 1222 oratonis
988 1190 1273 1233 argumentum,
1302 1186 1436 1223 afferri
1471 1185 1513 1220 in
1542 1184 1807 1232 compluribus
1836 1185 2082 1222 orationibus

209 1247 400 1295 quaedam
426 1248 468 1283 in
496 1259 542 1284 ea
569 1247 688 1284 dicta.
743 1246 948 1285 Sallustius
974 1249 1128 1294 poterat
1154 1248 1195 1283 in
1224 1249 1405 1285 oratione
1424 1247 1619 1292 Caesaris,
1648 1246 1713 1293 qui
1740 1251 1921 1283 senatum
1949 1258 2081 1284 move—

206 1314 282 1356 rat,
318 1312 359 1346 et
386 1309 559 1356 Catonis,
586 1309 629 1346 in
658 1309 770 1359 cujus
797 1309 1035 1346 sententiam
1062 1308 1216 1347 factum
1245 1313 1310 1348 est
1339 1310 1379 1348 S.
1409 1309 1466 1357 C.‚
1503 1321 1547 1346 se
1570 1308 1789 1345 continere.
1844 1308 2083 1347 Plutarchus

208 1382 285 1408 non
299 1372 472 1409 habitam
487 1371 603 1408 modo
618 1370 754 1416 tradit,
772 1381 907 1407 verum
921 1370 1050 1418 ipsum
1065 1375 1340 1419 argumentum
1353 1373 1502 1421 optime
1516 1370 1718 1406 describit.
1746 1370 1879 1406 Prima
1891 1372 2083 1408 orationis

207 1447 299 1485 pars
325 1434 502 1482 postulat
528 1433 605 1470 sibi
632 1433 791 1482 quidem
826 1445 849 1468 a
874 1444 1007 1469 rerum
1044 1435 1293 1471 enarratione
1327 1435 1456 1471 lucem
1492 1433 1699 1481 quandam,
1742 1445 1858 1481 quam
1893 1435 1939 1471 ab
1976 1435 2082 1471 omui

207 1500 321 1546 parte
347 1495 385 1532 ei
412 1494 618 1532 affundere
641 1495 704 1532 vix
731 1494 886 1539 licebit;
913 1493 996 1540 sed,
1026 1499 1071 1532 ut
1098 1494 1179 1532 sint
1206 1496 1395 1544 quaedam
1423 1495 1558 1545 paullo
1586 1495 1824 1541 obscuriora,
1852 1496 2079 1545 neutiquam

205 1558 393 1596 abhorret
418 1570 440 1594 a
467 1556 671 1595 Ciceronis
698 1557 870 1605 ingenio,
900 1556 1142 1605 conditione,
1180 1557 1400 1607 dignitate:
1435 1557 1595 1595 dicendi
1622 1557 1663 1593 in
1692 1569 1738 1595 ea
1766 1558 2006 1607 conspicitur
2042 1564 2082 1596 et

206 1619 405 1658 subtilitas
420 1622 462 1657 et
474 1620 659 1668 gravitas,
681 1618 879 1656 sentiendi
892 1622 1023 1656 autem
1047 1623 1088 1656 et
1107 1619 1293 1657 honestas
1317 1624 1358 1657 et
1379 1622 1599 1659 constantia
1620 1624 1740 1666 tanta,
1764 1626 1810 1656 ut
1828 1621 1891 1657 vel
1912 1623 2079 1661 maxime

207 1694 297 1720 eum
324 1682 475 1720 deceat.
530 1681 618 1730 lpsa
646 1685 778 1720 autem
805 1681 994 1719 orationis
1022 1682 1194 1720 membra
1222 1694 1301 1720 nou
1330 1683 1495 1734 disjecta
1531 1687 1573 1720 et
1600 1683 1788 1732 dispersa,
1824 1682 1895 1720 sed
1923 1687 2078 1735 egregie

207 1748 249 1782 et
276 1735 579 1793 compmta'et
611 1743 855 1793 composita:
889 1743 1073 1793 denique,
1101 1743 1310 1782 dicendum
1346 1746 1451 1782 enim
1487 1746 1593 1794 quod
1628 1746 1771 1791 sentio,
1808 1742 1907 1783 haec
1935 1748 2077 1791 oratio,

205 1809 241 1846 si
267 1808 398 1846 minus
425 1818 473 1844 ex
500 1806 562 1843 his
591 1807 772 1843 omnibus
800 1809 861 1843 est
888 1805 1167 1854 pulcherrima,
1203 1808 1379 1856 proxime
1405 1811 1539 1845 tamen
1573 1808 1672 1845 mihi
1700 1808 1750 1845 ad
1784 1809 1888 1846 hanc
1922 1809 2079 1848 laudem

207 1871 365 1908 videtur
392 1869 594 1907 accedere.
648 1867 748 1913 Jam,
776 1867 811 1904 si
838 1868 1092 1917 perfecimus,
1120 1869 1226 1918 quod
1255 1871 1366 1908 nobis
1394 1872 1641 1920 propositum
1670 1876 1767 1917 erat,
1802 1873 1931 1909 minus
1966 1875 2078 1910 multi

206 1933 257 1971 de
279 1943 324 1969 ea
338 1931 594 1978 dubitabunt;
615 1931 690 1978 sin,
715 1942 817 1979 quae
830 1930 1091 1968 humanarum
1106 1938 1167 1969 est
1186 1944 1318 1971 rerum
1340 1933 1528 1979 conditio,
1551 1946 1601 1970 ue
1623 1936 1669 1971 ab
1700 1934 1764 1971 his
1785 1934 1943 1982 quidem
1966 1948 2077 1973 error

205 1994 345 2041 aberit,
367 1994 518 2032 utinam
537 1988 781 2042 aliquantum
804 2005 866 2030 me
887 1992 938 2029 ad
958 2005 1095 2032 verum
1120 1995 1401 2034 inveniendum
1422 1997 1593 2034 valuisse
1614 1998 1731 2034 liceat
1756 2002 1884 2034 tamen
1904 2010 2075 2047 sperare.

411 2102 531 2132 autem
549 2098 636 2131 hinc
655 2108 725 2131 non
741 2108 894 2140 parvum
906 2102 1126 2133 momentum
1143 2101 1288 2135 Catonis
1306 2102 1472 2144 orationi,
1496 2103 1600 2144 quod,
1613 2113 1722 2144 quum
1739 2103 1813 2144 ipse
1832 2113 1900 2135 non
1922 2103 2075 2137 haberet

409 2151 592 2207 Silanum,
610 2162 716 2203 quem
739 2155 957 2192 sequeretur,
978 2157 1175 2193 auctorem,
1197 2155 1274 2196 ipse
1297 2158 1424 2187 auctor
1445 2155 1595 2190 exstitit.

351 2215 383 2256 1)
405 2214 524 2252 Multo
547 2217 695 2252 uberim
717 2215 760 2249 de
783 2215 852 2249 hoc
875 2215 1045 2250 Sallustii
1068 2216 1212 2250 silentio
1237 2218 1340 2251 video
1363 2217 1494 2251 dixisse
1518 2218 1732 2253 Ahrensium
1755 2222 1793 2253 et
1811 2219 2078 2259 Schnitzerum.

755 2323 1515 2346 ss——ss—
