2376 2837
901 209 906 215 .
944 168 1002 175 “““
1139 139 1182 186 ²9
1319 167 1378 174 ’-

226 278 359 308 meum
385 265 582 319 adjiciam,
614 266 741 305 multa
766 277 830 304 me
862 266 1078 306 deterrent.
1118 265 1274 316 *Neque
1305 266 1427 304 euim·
1445 266 1567 317 panni
1599 266 1723 305 assuti
1755 268 1896 306 similis
1932 271 1996 306 eat
2029 268 2097 307 iile

225 333 367 371 locust
395 329 561 378 „Neque
581 329 688 368 enim
700 329 830 379 turpis
843 341 951 369 mors
964 329 1064 368 forti
1085 330 1175 368 viro
1195 331 1333 379 potest
1359 329 1553 376 accidere,
1580 330 1692 380 sqq.“
1718 330 1789 369 sed
1815 330 1872 369 ita
1898 342 1989 370 cum
2014 342 2097 370 om-

225 394 344 434 nibu-
368 391 536 441 renqui-
562 391 760 440 cohaeret,
795 396 841 431 ut
868 393 1004 433 abesse
1023 393 1108 443 jam
1134 391 1244 431 nullo
1269 392 1387 431 modo
1412 393 1558 442 possit3
1589 393 1710 431 immo
1746 393 1780 432 si
1807 392 1876 430 ilie
1903 394 2097 445 adiectus,

225 453 645 508 naa.genuinus.sssit‚·-
662 466 838 505 magnam
870 455 1095 494 necessario
1129 455 1171 494 in
1203 465 1253 495 eo
1286 454 1455 494 orationi
1488 455 1700 495 inserendo
1736 468 1922 507 agnoscas
1956 461 2097 505 artem,

226 526 353 569 qnam
377 521 542 569 propter
565 517 696 567 ipsam
722 516 917 567 ineptiam
944 530 1052 557 suam
1072 518 1256 567 Ciceroni
1282 517 1534 568 abjudicetur
1558 518 1656 556 haec
1682 520 1820 557 oratio.
1876 519 2029 557 Deinde
2054 521 2097 558 in

225 582 429 633 &evitate
449 579 537 629 ipsa
562 578 663 617 mihi
689 578 848 618 videtur
874 592 1057 630 magnum
1083 580 1282 630 quoddam
1310 583 1580 629 argumentum
1600 582 1775 629 positum
1796 594 1898 630 esse,
1926 594 2000 619 cur
2020 582 2099 621 hoc

228 655 253 681 a
276 643 439 694 ὠάρια
459 642 547 692 jan
572 653 652 680 non
678 642 803 691 possit
828 655 917 682 esse
941 642 1192 691 profectum
1214 642 1298 680 =fae
1330 641 1437 680 enim
1468 643 1588 680 talem
1622 643 1823 680 hominem
1848 643 1982 682 locum
2009 655 2099 684 nac-

226 709 320 745 tum.
339 715 429 743 ease
453 704 531 744 hoc
557 704 780 754 splendore,
798 704 882 743 mi
907 704 1026 744 boni!
1067 708 1314 754 quantopere
1338 706 1382 742 iu
1408 704 1486 742 hoc
1511 715 1555 741 se
1575 705 1762 754 jactaret,
1796 706 1940 755 quibus
1967 708 2099 746 verbis

227 767 333 805 hanc
358 766 480 804 animi
505 767 679 807 tolleret.
698 766 1035 817 magnitudinem!
1096 766 1203 803 Tum
1238 766 1398 803 easdem
1431 767 1687 816 cogitationes
1720 768 1855 805 multis
1889 769 2020 806 verbis
2043 769 2099 806 ¹iu

227 830 409 868 oratione
434 841 507 878 pro
535 828 687 875 Sextio,
709 828 957 876 pauciasimis
983 828 1027 865 in
1044 827 1276 865 Catilinaria
1302 839 1389 864 esse
1416 829 1887 875 expressas‚·:testimouio
1915 831 2013 868 mihi
2042 833 2100 870 vi-

228 891 347 931 detur
373 903 475 938 ease,
500 890 602 930 hanc
628 889 699 928 illa
726 899 815 928 ease
835 888 1028 938 priorem.
1064 919 1067 921 -
1088 887 1207 938 Quod
1238 888 1281 926 si-
1306 888 1447 927 rhetor
1466 887 1586 925 'illam
1612 888 1815 927 Ciceronis
1848 890 1889 927 in
1922 894 2102 933 oratione

226 954 412 993 Sextiana
422 952 660 994 sententiam
684 952 761 990 hac
772 954 884 989 tanta
904 952 1114 998 brevitate,
1140 954 1254 990 tanto
1273 951 1423 1001 vigore,
1449 951 1669 999 extulisset,
1696 963 1827 990 nonne
1846 956 1989 993 summi
2015 969 2102 995 ora-

226 1013 522 1056 torisnomine
553 1013 825 1054 honestandos
858 1013 1043 1054 videtur?
1094 1014 1275 1065 Denique
1308 1013 1395 1065 ipsa
1428 1013 1588 1053 dicendi
1620 1015 1737 1065 ratio,
1774 1019 1820 1055 ut
1851 1017 2104 1068 reperiantur

227 1078 421 1130 quaedam
453 1077 497 1115 in
522 1077 609 1115 hac·
625 1077 806 1115 oratione
831 1078 962 1117 minus
989 1078 1145 1125 usitata,
1169 1078 1282 1126 ‘quae
1302 1080 1443 1115 tamen
1475 1081 1644 1125 possunt
1674 1082 1744 1116 ant
1776 1080 1977 1118 scribendi
2006 1083 2102 1121 vitio

231 1141 454 1190 irrepsisse,
482 1143 553 1177 aut
577 1151 718 1188 parum
743 1139 946 1178 intellecta
966 1152 1082 1178 suum
1108 1140 1229 1178 etiam
1250 1140 1476 1178 desiderare
1502 1140 1773 1189 interpretem,
1798 1142 1886 1190 ipsa
1904 1148 2013 1182 certe
2040 1146 2101 1183 di-

230 1200 348 1241 cendi
372 1202 476 1240 ratio
503 1200 788 1239 Ciceronianae
814 1204 876 1239 est
902 1193 1111 1249 simillima,
1138 1213 1162 1238 a
1188 1201 1364 1239 Senecae
1390 1201 1562 1251 scriptis,
1591 1200 1724 1250 Plinii,
1751 1203 1986 1252 Quintiliani
2011 1210 2054 1244 et
2080 1222 2102 1247 a

231 1264 387 1314 dialogo
415 1263 467 1301 de
494 1263 622 1301 causis
636 1266 860 1313 corruptae
886 1263 1137 1313 eloquentiae
1163 1264 1332 1302 mirifice
1358 1264 1557 1302 abhorret.
1611 1264 1724 1302 Nihil
1743 1266 1799 1309 ‚in
1834 1278 1882 1304 ea
1908 1266 2102 1318 fucatum,

208 1326 345 1374 nulli,
371 1329 420 1365 ut
444 1326 499 1365 ait
524 1325 805 1373 Quintilianus,
830 1325 1004 1365 recentis
1029 1326 1152 1378 hujus
1177 1325 1366 1377 lasciviae
1390 1324 1561 1364 flosculi.
1605 1327 1784 1375 Accedit,
1811 1329 1920 1378 quod
1946 1330 2104 1379 Quinti-

230 1388 359 1428 lianus
390 1388 535 1427 horum
564 1377 773 1426 verborum
800 1390 847 1424 ut
880 1387 978 1424 dicti
1003 1388 1255 1427 ciceroniani
1287 1388 1528 1425 mentionem
1559 1388 1661 1426 facit
1685 1388 1766 1437 VI„
1793 1389 1831 1427 8.
1885 1391 1974 1440 Qua
2000 1404 2045 1430 re
2072 1396 2106 1432 ai

227 1450 278 1489 ad
302 1454 494 1501 tempore-
509 1449 632 1490 aetati
659 1448 941 1488 Ciceronianae
966 1451 1144 1501 proxima
1169 1450 1405 1500 rejicimur,
1431 1450 1474 1486 in
1501 1451 1618 1488 aliam
1647 1451 1859 1502 dejicimur
1887 1453 2104 1495 difficulta-

231 1519 328 1562 tem,
362 1513 561 1563 quomodo
588 1512 767 1561 potuerit
800 1524 894 1550 vera
919 1511 990 1551 illa
1015 1506 1229 1552 Ciceronia-
1247 1513 1374 1551 oratio
1399 1515 1486 1552 tum
1511 1512 1598 1563 jam
1625 1514 1751 1552 fuisse
1784 1515 1827 1551 in
1861 1516 2105 1566 deperditis!

324 1606 490 1666 ‘Quibus'
518 1627 590 1665 ego
617 1614 855 1664 testimoniis
883 1619 1088 1666 permotus
1117 1606 1243 1666 eaque
1271 1616 1509 1669 auctoritate
1536 1616 1745 1666 adductus,
1773 1631 1888 1668 quam
1915 1631 2105 1670 spernere

226 1681 313 1732 jam
338 1676 418 1728 nou
445 1673 649 1729 poteram,
664 1689 804 1716 rursus
830 1677 1038 1729 legendam
1064 1679 1168 1718 hanc
1195 1678 1295 1717 mihi
1321 1679 1445 1717 sumai
1472 1681 1705 1736 orationem,
1738 1681 1781 1718 id
1806 1693 1937 1732 agens,
1967 1686 2015 1720 ut
2041 1683 2103 1721 di·
2154 1682 2158 1685 *

232 1744 430 1798 spicerem
455 1743 641 1798 tantaene
669 1744 804 1779 essent
829 1741 922 1778 illae
950 1741 1222 1790 difficultates,
1256 1742 1401 1792 quibua
1427 1746 1629 1792 permotus
1658 1743 1840 1781 Ciceroni
1865 1745 1964 1784 haec
1991 1746 2104 1797 abju-

231 1806 418 1852 dicabam,
446 1807 494 1841 ut
519 1803 619 1841 solvi
641 1805 726 1855 jam
753 1807 794 1842 et
820 1803 994 1842 amoveri
1020 1805 1139 1854 plane
1165 1806 1247 1844 non
1272 1808 1447 1855 possent.
1501 1805 1617 1854 Quod
1643 1818 1764 1855 quum
1791 1809 2016 1846 accuratius
2043 1809 2103 1846 fa-

232 1881 377 1916 cerem,
412 1867 516 1918 viam
542 1863 641 1908 inihi
673 1862 790 1923 vis'us·
817 1878 906 1907 sum
931 1868 1143 1918 reperisse,
1177 1881 1255 1918 qua
1287 1867 1419 1907 omnia
1445 1867 1565 1908 facile
1592 1869 1757 1917 coirent,
1791 1873 1862 1908 aut
1889 1875 1998 1910 certe
2024 1885 2103 1912 non

228 1934 286 1971 ita
310 1926 433 1969 multa
458 1931 801 1981 relinquerentur3
836 1943 955 1981 quam
986 1931 1091 1970 viam
1119 1926 1436 1971 demonstratum
1461 1932 1582 1970 liceat
1613 1932 1712 1969 mihi
1739 1933 1872 1982 paullo
1898 1933 2019 1973 etiam
2047 1934 2104 1972 al-

229 1996 309 2033 tius
334 2006 421 2032 rem
448 1986 644 2048 repetere.

338 2078 518 2117 Gomitiia
540 2078 815 2129 consularibus
835 2090 956 2127 quum
978 2077 1118 2116 Cicero
1139 2081 1247 2116 tanto
1267 2079 1479 2117 amicorum
1500 2079 1700 2128 praesidio
1721 2080 1889 2130 stipatus
1909 2082 1953 2119 in
1971 2081 2107 2123 forum

231 2139 517 2186 descendisset,
550 2142 597 2176 ut
630 2139 742 2177 nullo
776 2140 935 2191 negotio
964 2140 1159 2177 Catilinae
1185 2141 1319 2191 copias
1346 2140 1610 2179 conductitius
1636 2142 1875 2192 reprimeret
1910 2142 2017 2195 (cic.
2045 2157 2107 2196 pr.

232 2202 345 2241 Sulla
371 2199 410 2249 S.
435 2199 636 2247 51‚-P1ut.
665 2201 747 2239 Cic.
776 2199 863 2251 14),
888 2202 954 2239 hic
981 2200 1032 2237 ad
1055 2201 1232 2239 ultimam
1259 2202 1578 2252 desperationem
1613 2204 1776 2242 adactus
1809 2209 1851 2242 et
1884 2207 2011 2245 tantis
2036 2208 2110 2246 im-

231 2263 365 2317 pensis
391 2262 442 2303 ad
468 2263 714 2303 consulatum
740 2263 817 2302 sibi
841 2263 1063 2314 «parandum
1090 2263 1210 2303 toties
1231 2264 1349 2305 factis
1369 2277 1457 2304 rem
1476 2265 1714 2306 familiarem
1734 2267 1967 2308 exhaustam
1987 2283 2112 2321 seque

232 2326 337 2368 aeris
364 2325 486 2366 alieni
499 2362 500 2365 ,
512 2325 772 2367 multitudine
792 2326 1105 2367 circumventum
1127 2326 1280 2379 videns,
1302 2339 1425 2381 quum
1443 2331 1609 2382 propter
1629 2330 1813 2372 solvendi
1833 2333 2111 2375 necessitatem

1660 2395 1689 2432 2
