2376 2837
926 151 982 156 -
1111 123 1141 169 5
1269 150 1326 156 .-

190 250 293 288 dem
320 260 393 296 ea,
427 259 553 299 quae
588 260 673 288 nos
700 250 964 290 scribimus
1000 251 1492 290 adolescentulorum
1526 249 1710 287 studiis
1747 249 1978 295 excitati,
2015 250 2064 282 te
2136 278 2138 281 .

189 311 339 349 etiam
367 311 639 350 delectant.
703 313 820 351 Fuit
847 314 971 351 enim
999 315 1119 359 mihi
1147 314 1464 360 commodum,
1492 311 1621 362 quod
1648 312 1697 347 in
1725 312 1797 348 eis
1825 311 2063 349 orationi-

187 376 299 422 bus,
327 387 451 423 quae
477 370 795 425 Philippicae
822 379 1161 426 nominantur,
1199 377 1458 415 enituerat
1486 375 1612 413 civis'
1639 374 1729 411 ille
1756 377 1872 411 tuus
1900 375 2062 412 Demo-

188 438 412 484 sthenes,
448 441 498 475 et
523 437 655 487 quod
681 451 730 476 se
757 441 811 478 ab
839 441 930 478 hoc
963 439 1331 479 refractariolo
1360 437 1604 490 judiciali
1639 436 1845 475 dicendi
1879 447 2062 486 genere

186 501 501 551 abjunxerat‚
536 504 589 538 ut
616 498 937 552 σεμνότερός
963 498 1040 546 ἶτις
1067 503 1159 542 καὶ
1193 497 1624 550 πολιτικώτερος
1667 500 1949 545 videretur,
1984 511 2059 535 cu-

186 574 319 611 rnes
354 566 405 601 Μ
439 575 571 602 meae
606 576 798 614 quoque
833 571 1004 605 essent
1035 566 1311 612 orationes,
1356 575 1479 615 quae
1515 562 1811 601 consulares
1847 561 2063 598 nomina-

187 630 375 663 rentur.
433 626 647 684 Quarum
673 638 763 664 una
791 629 941 666 estin
969 633 1147 666 senatu
1176 628 1273 666 Kal.
1301 620 1439 673 Jan.;*
1461 627 1623 664 altera
1651 626 1707 662 ad
1735 626 1971 674 populum
1999 623 2061 659 de

187 688 298 738 lege
326 689 544 738 agrarian
572 687 726 727 t'ertia
753 689 809 727 de
835 690 1051 737 Othone3
1087 694 1260 739 quarta
1286 702 1373 739 pro
1400 688 1630 734 Rabiri03
1668 689 1843 738 quinta
1871 687 1929 723 de
1956 697 2062 735 pro-

112 775 125 785 .
166 751 494 802 ‘scriptorum
529 752 692 796 filiis;
734 756 887 797 sexta,
928 765 1070 800 quum
1109 752 1421 800 provinciam
1460 755 1508 788 in
1550 753 1785 790 concione
1828 749 2063 798 deposui;

186 814 415 864 septima,
443 826 535 863 qua
561 813 825 852 Catilinam
852 814 1015 861 emisi;
1051 817 1243 861 octava,
1270 825 1409 862 quam
1436 812 1675 851 habuiad
1707 812 1941 862 populum
1977 821 2057 860 po-

187 876 389 922 stridie,
426 887 563 924 quam
596 875 812 913 Catilina
847 876 1093 927 profugit3
1135 888 1257 914 nona
1299 876 1349 912 in
1383 876 1642 921 concione,
1687 888 1778 924 quo
1815 875 1896 912 die
1930 873 2058 912 Allo-

186 938 361 987 broges
403 937 747 987 involgnrunt;
789 939 975 977 decima
1018 941 1068 977 in
1102 944 1278 979 senatu
1297 939 1465 977 -Nonis
1493 938 1712 980 Decemb.
1775 938 1901 983 Sunt
1932 947 2064 986 prae-

187 1003 329 1038 terea
357 999 482 1037 duae
509 1000 703 1046 breves,
731 1001 873 1050 quasi
900 997 1338 1052 ἀποσπασμάτια
1365 1002 1488 1051 legis
1517 1001 1753 1050 agrariae.

291 1063 469 1110 Quatuor
489 1062 599 1099 vides
612 1062 842 1100 Ciceronem
863 1075 1075 1112 agnoscere
1096 1063 1293 1102 orationes
1316 1064 1357 1100 in
1371 1063 1580 1100 Catilinam
1601 1063 1776 1109 habitam
1791 1066 1877 1113 jam
1893 1061 2059 1098 totidem

186 1126 442 1176 reperiuntur
455 1123 497 1160 in
511 1124 635 1171 libris,
651 1136 772 1172 quare
785 1125 881 1174 quid
894 1125 1053 1163 tandem
1066 1126 1247 1163 homines
1261 1125 1484 1172 commovit,
1498 1128 1544 1161 ut
1557 1125 1639 1170 has,
1662 1127 1732 1160 aut
1746 1129 1854 1162 certe
1869 1123 2058 1172 quasdam

188 1200 235 1227 ex
248 1188 389 1224 horum
403 1196 579 1232 numero,
594 1196 674 1223 non
687 1185 881 1224 haberent
893 1185 1111 1236 genuinas?
1131 1187 1274 1225 Primis
1289 1188 1448 1236 quidem
1462 1188 1719 1236 temporibus,
1735 1199 1855 1236 quum
1871 1187 1933 1223 his
1948 1185 2056 1222 litte-

186 1259 318 1296 rarum
340 1246 482 1287 studiis
504 1257 603 1284 nova
616 1246 808 1297 quaedam
830 1248 897 1286 lux
917 1248 1143 1297 affulsisset,
1167 1249 1275 1286 nulla
1297 1249 1347 1285 de
1367 1249 1430 1286 his
1452 1260 1503 1286 ne
1523 1249 1619 1285 viris
1640 1249 1799 1297 quidem
1821 1247 2060 1284 doctissimis

188 1315 382 1350 commota
396 1313 456 1345 est
469 1309 682 1346 dubitatio:
709 1314 847 1356 postea
861 1324 968 1356 vero,
981 1313 1049 1348 ubi
1062 1308 1313 1348 invaluerant
1324 1312 1402 1349 hae
1422 1315 1541 1357 artes,
1564 1323 1682 1359 quum
1696 1311 1831 1347 stilum
1852 1310 1929 1348 sibi
1949 1309 2059 1345 vide-

168 1393 170 1395 >
186 1377 333 1412 bantur
345 1372 524 1410 homines
539 1372 696 1409 novisse
709 1370 1010 1411 ciceronianum
1025 1372 1262 1411 etidoneam
1276 1372 1469 1423 quandam
1485 1371 1534 1409 de
1556 1371 1643 1422 ejus
1665 1371 1823 1422 ingenio
1846 1374 1887 1410 et
1902 1373 1987 1409 arte
2001 1369 2061 1408 di-

188 1434 304 1474 cendi
318 1433 516 1471 mentibus
528 1432 689 1471 finxisse
710 1430 1014 1483 persuasionem,
1036 1435 1104 1472 ubi
1119 1434 1259 1472 doctae
1280 1435 1468 1484 quaedam
1488 1431 1648 1471 fraudes
1664 1446 1732 1470 eos
1746 1435 1993 1478 induxerant,
2016 1438 2062 1468 ut

187 1498 341 1547 singula
369 1496 517 1544 scripta
544 1500 727 1533 essentne
754 1498 923 1545 genuina
950 1501 1198 1545 quaererent,
1234 1502 1320 1535 tum
1348 1508 1399 1534 ne
1426 1499 1473 1535 ab
1502 1497 1566 1535 his
1594 1497 1753 1545 quidem
1781 1497 1954 1545 suspicio
1991 1496 2058 1532 ab·

186 1559 335 1598 stiuuit.
390 1559 434 1596 Iu
456 1560 635 1606 quartam
658 1558 825 1596 maxime
853 1559 1071 1596 orationem
1090 1559 1270 1599 homines
1292 1560 1511 1607 incurrere,
1532 1563 1684 1607 notare,
1712 1560 1825 1597 obelo
1848 1558 2057 1608 configere,

186 1622 379 1660 Cicerone
405 1631 492 1658 eam
526 1619 723 1668 indignam
758 1621 979 1667 clamitare,
1015 1622 1258 1670 suppositam
1294 1622 1497 1670 nobilique
1532 1623 1687 1659 nomine
1714 1622 1838 1658 fronti
1865 1622 2057 1669 inscripto

187 1685 355 1722 miserae
381 1682 514 1721 nescio
550 1682 665 1731 cujus
700 1683 872 1721 rhetoris
906 1681 1128 1721 umbratilis
1163 1684 1441 1723 declamationi
1474 1687 1643 1734 aliquam
1680 1684 2058 1723 commendationem

188 1758 274 1785 esse
308 1746 523 1796 quaesitam
557 1744 809 1798 contendere.
877 1746 965 1784 Hoc
998 1746 1067 1783 illa
1102 1747 1295 1795 clamore,
1319 1748 1397 1784 hoc
1431 1750 1632 1785 contemtu
1665 1748 1818 1797 abjecta
1851 1751 1926 1793 est,
1962 1745 2057 1783 dum

186 1810 232 1847 F.
260 1811 309 1847 A.
336 1808 521 1854 Wolflus,
559 1808 621 1844 vir
647 1808 934 1847 immortalibus
969 1810 1019 1847 de
1045 1809 1121 1847 hoc
1148 1809 1375 1847 litterarum
1401 1821 1546 1859 genere
1574 1810 1725 1847 meritis
1753 1810 1896 1856 clarus,
1933 1809 2053 1847 etiam

186 1872 262 1912 sibi
288 1871 494 1922 professus
522 1873 583 1908 est
608 1872 690 1908 tres
719 1870 837 1909 modo
864 1872 1063 1912 orationes
1091 1870 1344 1910 Catilinarias
1379 1872 1564 1922 probari;
1605 1882 1735 1921 neque
1772 1877 1902 1910 tamen
1937 1882 2055 1921 quar-

185 1942 289 1982 tam,
322 1946 423 1984 quae
456 1934 658 1983 plerisque
692 1944 771 1970 nou
805 1936 1060 1983 probaretur,
1098 1935 1173 1972 sibi
1215 1935 1341 1972 videri
1380 1936 1636 1985 suppositam.
1704 1937 1792 1984 Quo
1834 1936 1939 1973 dicto
1981 1935 2058 1971 viri

188 1994 436 2037 celeberrimi
476 1996 628 2033 fractus
670 1997 940 2033 obmutescere
982 1997 1114 2046 coepit
1153 1998 1222 2034 ille
1270 1998 1432 2044 clamor,
1491 2009 1620 2046 neque
1667 2002 1797 2035 tamen
1846 1998 2054 2046 scrupulus

187 2064 362 2099 exemtus
397 2062 477 2105 est,
515 2059 595 2096 imo
631 2070 710 2096 uon
739 2058 901 2105 desunt,
941 2059 1009 2108 qui
1037 2060 1155 2097 etiam
1185 2070 1289 2097 nunc
1323 2059 1456 2110 pueris
1485 2062 1655 2107 cantent,
1691 2064 1733 2097 ut
1769 2061 1890 2097 multa
1917 2061 1969 2107 in·
1993 2061 2058 2099 his

185 2116 437 2173 reperiantur
468 2121 647 2172 pulchra,
683 2125 727 2159 ut
755 2133 853 2171 quae
886 2121 1067 2171 legantur
1099 2122 1176 2159 hae
1212 2122 1411 2160 orationes
1440 2133 1519 2158 nou
1550 2122 1630 2159 sint
1659 2123 1853 2174 indignae,
1890 2136 1913 2161 a
1940 2123 2055 2163 Cice-

184 2185 293 2224 ronis
319 2187 451 2222 tamen
478 2195 545 2221 eas
572 2184 730 2232 iugenio
758 2185 972 2220 abhorrere
999 2187 1039 2220 et
1073 2176 1188 2233 plane
1221 2185 1369 2221 alienas
1406 2197 1503 2221 esse.
1566 2186 1647 2222 Sed
1682 2190 1729 2233 ut
1763 2186 1806 2222 hi
1832 2188 1919 2236 jam
1955 2188 2057 2225 nulli

186 2251 278 2294 sint,
314 2247 365 2285 ad
389 2258 510 2290 uuum
536 2258 673 2286 omues
698 2247 840 2285 summi
867 2246 974 2284 illius
1002 2247 1078 2285 viri
1114 2248 1350 2286 auctoritate
1375 2248 1544 2298 permoti
1578 2249 1867 2288 dubitationem
1900 2251 2058 2302 abjece-

185 2312 286 2357 riut3
312 2313 461 2349 temere
488 2308 684 2355 damnare,
719 2309 886 2348 eundem
922 2308 1066 2349 deiude
1093 2310 1307 2358 absolvere,
1340 2311 1507 2350 hoccine
1536 2323 1683 2362 quaeso
1712 2314 1958 2353 constituere
1993 2319 2054 2352 est
