2376 2837
998 162 1056 168 -.
1185 133 1219 180 8
1360 163 1418 169 ,-

263 260 377 298 data
404 264 502 305 est,
524 263 587 296 -ut
613 271 783 298 omnes
812 261 1137 308 acerbitates,
1165 271 1331 298 omnes
1358 259 1557 306 dolores
1585 260 1944 310 cruciatusque
1970 258 2159 311 perfer-

265 335 362 360 rem
390 325 467 361 cet.
495 326 539 360 et
565 334 706 360 rursus
727 320 766 371 S.
790 321 855 369 48.
899 322 1081 373 Denique
1102 334 1224 371 quum
1250 323 1382 360 omnia
1408 333 1566 371 semper
1592 322 1644 360 ad
1666 321 1898 372 dignitatem
1916 322 2158 369 retulissem,

265 397 337 423 nec
378 385 467 423 sine
502 398 551 424 ea
585 384 803 435 quidquam
840 385 1105 435 expetendum
1147 396 1235 422 esse
1269 384 1423 422 homini
1464 383 1508 421 in
1530 385 1627 423 «vita
1669 386 1890 434 putassem,
1931 388 2157 434 mortem,

264 459 383 498 quam
410 448 531 486 etiam
559 447 733 498 virgines
760 447 946 494 Athenis,
974 448 1092 498 regis,
1118 446 1274 497 opinor,
1299 446 1523 486 Erechthei
1549 446 1671 495 filiae,
1697 457 1771 497 pro
1798 447 1939 496 patria·
1955 450 2159 497 contemp-

263 511 362 549 sisse
390 509 595 556 dicuutur,
631 521 717 559 ego
753 510 829 547 vir
863 511 1169 556 consularis,
1209 510 1330 548 tantis
1370 510 1489 547 rebus
1522 509 1658 559 gestis,
1698 509 1944 548 timerem‘it‘
1976 508 2161 558 -vqnid

266 572 376 623 qnod
402 572 496 610 finis
530 572 678 622 prioris
714 571 951 621 paragraphi
979 572 1161 620 pluribus
1188 573 1320 610 verbis
1346 572 1390 609 in
1416 584 1503 611 eam
1527 572 1656 624 ipsam
1683 571 1875 611 orationis
1902 571 2161 610 Catilinariae

265 636 414 672 abeunt
441 632 691 680 sententiam,
718 632 945 681 sapienti
975 633 1080 670 viro
1107 637 1306 672 mortem
1335 646 1429 673 non
1456 645 1605 683 posse
1638 645 1749 672 esse
1781 633 2017 672 miseram.
2063 630 2160 667 ui·

270 699 317 733 tu
345 696 588 733 testimoniis
616 695 718 733 nihil
746 694 915 732 moveris
929 695 950 731 Ἰ
990 694 1033 732 Si
1062 696 1248 743 moveris,
1275 708 1326 734 en
1353 696 1429 734 tibi
1456 695 1565 734 aliud
1594 695 1770 734 omnium
1788 697 1861 739 vvel
1887 691 2158 734 luculentissi-

268 770 399 797 mum:
428 757 510 794 Cic.
525 757 656 806 Epist.
672 757 722 794 ad
735 757 820 794 Att.
835 755 923 803 XII,
943 756 1008 795 21.
1050 757 1176 807 „Legi
1194 758 1311 810 Bruti
1339 759 1544 809 epistolam
1571 768 1736 806 eamque
1769 757 1843 795 tibi
1877 756 2024 803 remisi,
2064 764 2160 793 sane

267 832 347 858 non
374 818 605 869 prudenter,
620 818 857 866 rescriptam
885 819 936 856 ad
964 832 1024 867 ea,
1051 833 1153 869 quae
1179 821 1437 870 requisieras.
1490 820 1571 858 Sed
1597 820 1685 869 ipse
1712 818 1859 872 viderit
1872 832 1884 855 ε
1925 827 2160 868 quamquam

267 882 370 923 illud
396 880 570 929 turpiter
596 880 765 930 ignorat.
820 879 1012 920 Catonem
1039 882 1211 932 primum
1239 882 1477 922 sententiam
1503 885 1621 932 putat
1648 881 1699 919 de
1724 879 2064 931 aninadversione
2079 876 2160 916 ‚di-

183 988 186 991 Ᾰ
268 948 393 992 xisse,
421 953 541 992 quam
568 954 705 981 omnes
734 947 827 980 ante
855 942 1038 982 dixerant
1063 949 1223 994 praeter
1249 945 1479 983 Gaesarem:
1507 950 1551 984 et
1575 958 1697 995 quum
1723 943 1851 994 ipsius
1871 942 2051 981 Caesaris
2077 945 2160 979 tam

271 1019 411 1048 severa
445 1004 584 1053 fuerit,
620 1004 690 1054 qui
719 1008 804 1042 tum
830 1007 1032 1055 praetorio
1060 1007 1148 1046 loco
1176 1006 1337 1055 dixerit,
1373 1007 1641 1046 consularium
1656 1008 1784 1058 putat
1808 1005 1983 1045 leniores
2019 1003 2160 1050 fuisse,

270 1071 414 1115 Catuli,
443 1068 617 1113 Servilii,
653 1067 926 1114 Lucullorum,
960 1069 1160 1116 Curionis,
1195 1070 1404 1118 Torquati,
1438 1070 1596 1118 Lepidi,
1631 1069 1765 1115 Gellii,
1796 1067 1985 1113 Vulcatii,
2017 1066 2160 1116 Figuli,

270 1134 428 1178 Cottae,
455 1129 501 1167 L.
526 1128 726 1181 >Caesaris,
754 1128 797 1166 C.
827 1128 997 1178 Pisonis,
1026 1131 1147 1168 etiam
1160 1130 1460 1178 M'Glabrionis,
1486 1131 1625 1178 Silani,
1652 1130 1849 1169 Murenae
1868 1128 2161 1178 designatorum

271 1193 489 1233 consulum.
537 1190 620 1227 Cur
648 1201 741 1239 ergo
769 1190 813 1226 iu
839 1192 1078 1229 sententiam
1105 1191 1269 1229 Catonis
1282 1192 1317 1239 'lq
1346 1192 1450 1240 Quia
1485 1185 1617 1230 verbis
1643 1190 1977 1229 luculentioribus
2003 1192 2046 1226 et
2071 1188 2160 1239 plu-

270 1258 383 1296 ribus
415 1267 501 1292 rem
534 1252 703 1290 eandem
738 1253 1108 1303 comprehenderat.
1162 1253 1233 1293 Me
1268 1258 1402 1292 antem
1428 1255 1497 1293 hic
1522 1253 1674 1301 laudat,
1715 1253 1843 1304 quod
1869 1251 2158 1300 retulerim,

274 1330 369 1358 non
404 1316 529 1366 quod
563 1315 915 1365 patefecerim,
957 1317 1088 1365 quod
1124 1317 1422 1354 cohortatus
1455 1317 1565 1364 sim,
1608 1315 1739 1365 quod
1774 1314 1990 1365 denique
2024 1319 2159 1362 ante,

276 1392 411 1432 quam
439 1378 772 1423 consulerem,
800 1377 907 1425 ipse
931 1378 1279 1427 judicaverim.
1336 1379 1449 1427 Quae
1477 1379 1621 1425 omnia,
1649 1378 1743 1427 quia
1766 1378 1863 1414 Cato
1888 1377 2068 1415 laudibus
2096 1389 2162 1415 ex-

276 1444 439 1487 tulerat,
474 1440 627 1478 idcirco
663 1440 706 1476 in
733 1440 821 1489 ejus
855 1440 1093 1477 sententiam
1121 1443 1184 1477 cst
1211 1439 1319 1478 facta
1346 1441 1575 1479 discessio.“
1602 1460 1655 1467 —
1681 1439 1907 1488 ,Poteratne
1941 1440 2162 1477 accuratius

276 1505 398 1544 etiam
424 1501 767 1552 hujus,=orationis
795 1500 1022 1550 significare
1051 1503 1428 1552 argumentum?
1469 1502 1658 1541 Potestne
1683 1502 1749 1540 his
1775 1505 1838 1539 tot
1863 1505 2024 1550 tamque
2050 1501 2164 1549 lucu-

276 1566 396 1605 lentis
422 1562 662 1601 testimoniis
691 1563 900 1612 quisquam
934 1562 1125 1612 derogare
1159 1564 1279 1601 fidem
1295 1565 1316 1601 ’ἒ
1369 1564 1450 1602 Sed
1477 1565 1610 1602 nescio
1638 1576 1717 1615 quo
1743 1567 1875 1615 pacto,
1907 1564 2075 1601 moleste
2102 1566 2163 1600 ta-

277 1640 369 1667 men
396 1628 457 1672 fit,
493 1625 602 1673 quod
636 1625 745 1662 nulla
772 1625 835 1661 his
863 1624 1101 1671 testimoniis
1133 1630 1364 1663 removetur
1395 1627 1555 1664 illarum
1589 1626 1896 1672 dubitationum,
1929 1636 2033 1673 quae
2066 1637 2163 1674 quo-

278 1690 395 1729 modo
409 1691 603 1738 poterunt
614 1691 732 1732 stare,
753 1697 883 1735 neque
897 1690 1030 1723 tamen
1043 1687 1256 1737 improbari
1270 1678 1427 1726 oratio?
1448 1689 1582 1737 Quare
1593 1688 1926 1738 quemadmodum
1937 1688 2069 1726 solent
2081 1700 2163 1727 me·

280 1752 361 1791 dici
375 1754 530 1794 remota
545 1749 704 1787 demum
725 1749 853 1786 morbi
874 1759 991 1786 causa
1011 1750 1256 1788 curationem
1276 1751 1353 1789 sibi
1373 1750 1503 1789 videri
1522 1751 1734 1801 reperisse,
1754 1750 1811 1797 ita
1830 1760 1915 1797 nos,
1936 1750 2049 1800 quasi
2069 1762 2163 1790 vero

282 1815 384 1851 nihil
397 1817 527 1850 actum
545 1813 653 1849 foret
672 1806 1004 1857 his‘testimoniis,
1026 1812 1077 1847 ad
1096 1813 1204 1861 ipsas
1225 1814 1314 1851 illas
1338 1814 1608 1851 dubitationes
1622 1812 1919 1863 perlustrandas
1941 1824 2162 1863 pergemus.

389 1874 559 1913 Fuerint
585 1873 655 1911 illa
682 1873 825 1919 omnia,
847 1874 933 1923 ¹iam
961 1874 1210 1913 contradicat
1235 1875 1390 1924 aliquis,
1418 1875 1571 1914 fuerint
1597 1888 1692 1914 vero
1713 1876 1756 1913 in
1778 1875 1860 1922 illa,
1887 1887 2005 1925 qnam
2022 1875 2163 1914 Cicero

282 1938 431 1977 litteris
459 1934 716 1984 consignavit,
744 1934 951 1979 oratione3
976 1938 1016 1972 at
1042 1938 1179 1984 potest
1202 1937 1343 1974 rhetor
1368 1937 1450 1984 ille,
1478 1939 1549 1988 qui
1574 1938 1658 1976 stili
1684 1937 1895 1976 exercendi
1912 1950 2034 1976 eausa
2050 1938 2164 1987 hanc,

282 2013 402 2050 quam
446 2002 650 2042 tenemus,
687 1996 926 2045 conscripsit
959 1997 1191 2044 orationem,
1231 1998 1297 2036 his
1338 2000 1463 2037 veluti
1497 2001 1717 2039 luminibus
1734 1997 2021 2039 ‘Ciceronianis
2052 2011 2165 2039 suam

282 2061 500 2113 compsisse
528 2057 865 2097 declamationem.
887 2055 926 2108 ¹)
981 2058 1141 2105 Audio;
1176 2060 1271 2100 huic
1304 2063 1438 2100 tamen
1471 2063 1691 2102 sententiae
1724 2051 1934 2111 quominus
1967 2062 2164 2103 calculum

439 2154 469 2194 ¹)
493 2151 551 2184 Ita
576 2149 718 2183 censuit
741 2149 890 2190 Ain-ens,
920 2149 979 2182 cui
1002 2150 1161 2195 Augusti
1185 2152 1406 2194 temporibus
1429 2132 1579 2186 ridetur
1602 2151 1750 2195 scripta,
1779 2155 1816 2186 et
1836 2152 1899 2196 qui
1927 2151 2003 2193 eius
2025 2143 2167 2200 excepit

494 2202 716 2236 sententiam
739 2202 913 2242 ofellius,
947 2204 1009 2244 qui
1034 2214 1077 2236 eo
1099 2205 1273 2238 deductus
1296 2208 1362 2245 est,
1391 2208 1433 2237 ut
1457 2205 1571 2239 etiam
1594 2205 1703 2250 illum
1731 2206 1851 2239 locum
1870 2205 1912 2238 in
1935 2206 2100 2248 epistolis
2121 2210 2167 2242 ad

494 2257 568 2293 Att.
591 2254 626 2298 2,
648 2256 683 2295 1.
706 2266 729 2291 s
753 2255 926 2290 cicerone
948 2255 1189 2298 abiudicaret.
1234 2257 1478 2302 specio-lom
1500 2269 1608 2303 quam
1633 2259 1790 2294 veriores
1811 2259 1890 2302 cias
1911 2269 1988 2301 esso
2009 2261 2167 2296 ratio-ss

495 2314 574 2352 post
596 2310 854 2343 Schnitserum
878 2310 1136 2344 demonstravit
1160 2311 1368 2348 nsnmlein.
1414 2313 1592 2349 ntuetr.
1614 2308 1643 2349 f.
1667 2313 1838 2355 altorfh„
1858 2312 1955 2350 1838.
1978 2314 2008 2351 Ι.
2030 2325 2065 2358 1³.
2086 2313 2143 2352 ⁷6.
