2376 2837
1032 158 1093 165 -
1222 130 1282 175 17
1408 158 1469 165 -

307 260 417 304 facit,
446 260 485 295 ei
513 257 616 294 nihil
640 258 894 318 tribuendum
921 263 994 295 est.
1048 261 1178 308 Quum
1204 260 1310 296 enim
1331 270 1405 309 per
1427 258 1660 295 Ciceronem
1688 268 1869 307 magnum
1891 258 2073 295 Caesaris
2097 268 2185 295 ora-

305 321 409 358 tioni
442 320 655 358 accessisse
689 324 929 358 momentum
962 322 1140 369 dixisset,
1173 324 1249 361 hae
1282 322 1478 359 sententia
1511 326 1553 358 et
1590 321 1687 369 quid
1720 321 1807 368 ipse
1833 320 1973 357 Cicero
2008 324 2050 357 et
2085 321 2186 369 quid

306 371 424 421 amici
452 379 643 420 fecissent
669 371 923 432 complexum
950 383 1091 422 Cicero
1119 385 1315 435 profecto,
1344 383 1497 421 etiamsi
1524 386 1616 433 post
1642 382 1732 421 illos
1761 382 1926 429 dixerat,
1962 382 2090 431 primo
2123 385 2184 419 ta-

270 454 273 457 ’
307 456 399 483 men
431 445 520 482 loco
556 444 917 484 commemorandus
952 450 1050 484 erat.
1112 448 1225 496 Quae
1258 446 1456 484 sententia
1489 447 1537 483 ab
1565 446 1701 483 amieis
1728 444 1932 482 Ciceronis
1967 444 2073 482 dieta
2107 445 2183 482 nisi

306 506 521 555 fefellisset
546 508 651 545 viros
678 505 828 553 doctos,
866 520 1015 555 vereor,
1048 512 1093 546 nt
1118 509 1275 556 fuisset,
1311 507 1380 558 qui
1406 508 1508 546 hane
1534 508 1737 546 Ciceronis
1765 507 1985 545 orationem
2011 506 2184 544 homini-

305 571 380 609 bus
407 565 451 607 ἰιῖ
476 569 640 608 dubium
668 569 919 609 adduceret:
955 572 1039 609 Sed
1076 572 1234 611 videant
1267 572 1349 617 alii,
1385 575 1521 609 utrum
1547 570 1734 609 audacior
1758 570 1846 616 sim,
1874 570 1908 607 si
1934 573 2082 614 statuo,
2112 570 2183 606 ali-

306 642 424 683 quem
451 642 499 670 ex
526 642 664 671 eornm
692 643 852 671 numero
877 633 920 672 in
947 634 1052 673 hane
1078 633 1313 672 sententiam
1341 632 1498 672 dixisse.

334 715 339 720 1
387 695 555 732 ‘Parum
577 694 619 730 in
647 699 824 745 tempore
850 697 926 733 sibi
954 696 1081 733 videri
1115 696 1165 733 ad
1200 700 1380 734 senatum
1406 697 1578 743 referri3
1612 708 1740 746 neque
1774 697 1879 733 enim
1914 696 2066 733 civibus
2094 706 2182 732 esse

306 758 494 804 salutare,
523 761 563 795 et
583 768 849 807 praepropere
863 762 1075 796 ‘senatores
1091 755 1228 808 juberi
1250 757 1300 795 de
1314 769 1359 794 re
1378 757 1607 806 gravissima
1627 759 1861 797 sententiam
1881 759 2027 796 dicere.
2068 757 2181 795 Fieri

305 831 433 869 poete,
469 822 528 867 ut,
563 819 646 869 qui
676 819 774 869 jum
803 818 890 857 diu
918 819 1097 857 factem
1126 818 1527 869 conjurationem
1555 823 1838 868 putassent,
1871 819 1921 856 iis
1950 831 2055 856 nune
2082 819 2180 868 quid

306 886 412 919 esset
439 881 732 918 decernendum
760 885 979 926 eonstaret3
1003 882 1169 929 reliquis
1188 881 1273 929 jam
1296 886 1449 917 temere
1476 881 1566 917 fore
1593 882 1827 918 sententiam
1856 882 2073 917 dicendam.
2129 882 2184 918 At

306 955 328 980 e
356 954 401 981 re
427 942 587 993 publiea
614 954 703 981 esse
728 943 896 990 seilicet,
910 947 970 981 »ut
996 942 1182 981 celeriter
1208 944 1432 988 statuatur3
1460 954 1541 991 per*
1558 942 1724 981 libertos
1758 943 1862 980 enim
1889 942 2052 992 Cethegi
2080 944 2183 982 mul-

305 1004 518 1043 titudinem
546 1004 752 1042 eoncitari.
806 1003 1031 1051 Nefarium;
1061 1004 1132 1043 sed
1152 1002 1248 1054 quid
1275 1002 1431 1040 tandem
1453 1004 1528 1041 sibi
1549 1004 1669 1041 vellet
1688 1004 1762 1041 ista
1782 1003 2010 1051 multitudo,
2038 1005 2182 1054 quidve

305 1068 496 1104 timeret?
528 1067 582 1104 —Id
608 1067 738 1115 ipsum
766 1068 959 1112 videlieet,
982 1068 1088 1115 quod
1106 1077 1215 1103 nune
1234 1065 1505 1114 postularetur
1524 1079 1547 1102 a
1567 1071 1722 1111 senatu,
1751 1078 1801 1102 ne
1823 1068 1952 1111 fieret,
1981 1071 2026 1102 ut
2048 1068 2179 1104 aerius

305 1129 348 1168 in
374 1132 584 1180 patronum
607 1128 838 1180 indictaque
866 1137 995 1168 eausa»
1010 1132 1265 1168 statueretur.
1320 1125 1365 1165 Si
1392 1131 1552 1166 senatus
1581 1128 1771 1179 quiescat,
1805 1127 1895 1167 illos
1932 1140 2011 1166 non
2046 1128 2177 1168 minus

306 1192 511 1240 quieturos
538 1202 638 1239 esse,
666 1204 789 1240 quare
815 1193 948 1241 augeri
968 1193 1043 1228 hae
1065 1190 1356 1229 consultatione
1374 1189 1490 1234 illud,
1517 1191 1622 1238 quod
1642 1191 1826 1236 vitarent,
1854 1192 2020 1227 malum:
2048 1193 2177 1229 lenius

307 1253 549 1293 consulendo
583 1267 651 1294 eos
685 1254 910 1302 effecturos,
951 1259 998 1292 ut
1032 1255 1246 1293 multorum
1282 1252 1487 1290 hominum
1522 1252 1818 1291 defervesceret
1843 1252 1970 1291 furor.
2026 1254 2178 1293 Deinde

307 1320 481 1354 errantes
507 1315 557 1354 ad
583 1317 762 1355 nltimam
787 1316 1105 1366 desperationem
1133 1315 1303 1366 adigere,
1346 1326 1419 1352 nee
1444 1313 1760 1352 mansuetudinis
1787 1326 1890 1361 esse4
1921 1326 2050 1364 neque
2084 1328 2178 1366 pru-

306 1378 477 1416 dentiae.
531 1378 738 1423 viderent,
772 1390 849 1426 quo
876 1380 1006 1416 aerius
1033 1378 1276 1415 consulendo
1310 1388 1375 1413 res
1402 1376 1547 1413 deduci
1574 1379 1718 1423 posset.
1773 1376 1920 1412 Forum
1950 1381 2059 1413 certe
2087 1390 2180 1415 eon-

305 1440 486 1480 stitntnm
514 1453 601 1479 esse
621 1439 866 1491 Judieiorum
895 1440 1101 1490 omnisque
1134 1439 1345 1487 aequitatis
1379 1437 1540 1485 sedem;
1581 1449 1687 1475 esse
1720 1441 1879 1475 tamen
1915 1439 2178 1486 consulem,

306 1501 386 1540 eui
414 1502 573 1541 forum
601 1504 657 1541 ab
685 1502 890 1542 insidiis
918 1501 1163 1552 uunquam
1190 1504 1323 1539 esset
1349 1512 1576 1539 vacuum:
1604 1511 1785 1549 magnum
1807 1500 1907 1539 ferri
1934 1504 1973 1537 et
1992 1501 2178 1549 opinione

305 1566 509 1603 hominnm
543 1569 584 1603 et
612 1563 774 1603 deorum
801 1565 994 1614 religione
1031 1575 1245 1612 eampum
1281 1562 1632 1602 consularibus
1668 1562 1887 1601 comitiis
1923 1574 2174 1601 consecra-

305 1633 424 1674 tum,
461 1628 650 1665 curiam
687 1628 897 1665 omnium
931 1627 1146 1676 gentium
1181 1626 1449 1671 auxilium;
1488 1636 1576 1662 esse
1611 1630 1743 1663 tamen
1778 1626 1989 1669 consulem,
2024 1625 2089 1661 eui
2125 1637 2176 1663 ne

306 1690 432 1729 sella
466 1690 855 1740 quidem-eurulis
891 1689 1185 1727 discrimine
1224 1688 1407 1738 eapitis
1445 1692 1581 1726 esset
1617 1687 1803 1724 libera:
1844 1685 2031 1742 domum
2066 1699 2174 1726 esse

518 1846 717 1886 toritatem,
740 1845 832 1887 quod
855 1848 896 1878 ut
918 1847 1054 1877 temere
1069 1843 1169 1884 fecit,
1192 1843 1247 1877 ita
1263 1843 1343 1876 veri
1358 1842 1562 1875 inveniendi
1582 1842 1656 1884 ipse
1674 1842 1745 1874 sibi
1762 1841 1859 1875 viam
1875 1842 2066 1878 obstruxit.
2101 1844 2174 1886 Qui

518 1899 685 1934 convenit
706 1895 801 1933 enim
823 1909 967 1933 omnem
989 1897 1102 1939 hujus
1124 1898 1179 1932 rei
1210 1896 1501 1940 disceptationem
1524 1896 1577 1930 ita
1607 1896 1650 1929 ad
1674 1894 1889 1929 Sallustium
1919 1896 2092 1937 conferre,
2122 1902 2173 1939 nt,

517 1964 585 1986 non
609 1953 702 1996 quod
725 1953 761 1987 ei
785 1952 1018 1992 contradicat,
1048 1952 1120 1992 ted,
1148 1952 1241 1995 quod
1267 1952 1312 1984 ab
1335 1961 1376 1983 eo
1405 1961 1475 1983 non
1506 1950 1554 1982 sit
1582 1949 1774 1986 traditum,
1804 1949 1973 1982 continuo
2001 1950 2173 1984 sordeat?

516 2006 668 2040 Nullum
689 2007 807 2051 igitur
829 2007 868 2039 in
890 2007 1007 2047 modo,
1026 2017 1134 2049 quem
1157 2007 1278 2038 teneat
1300 2004 1338 2036 in
1361 2004 1549 2042 narrando,
1571 2001 1758 2043 eeriptori·
1776 2005 1830 2035 est
1840 2002 2069 2035 arbitrium?
2090 2005 2174 2038 nnl-

516 2061 574 2094 lus
597 2060 801 2095 diversitati
825 2060 969 2094 cuidam
987 2059 1121 2100 judieii
1141 2056 1273 2092 locus?
1294 2057 1383 2099 Quis
1391 2059 1457 2095 est.
1480 2056 1543 2097 qui
1559 2056 1597 2089 id
1608 2053 1799 2089 affirmet?
1821 2066 1903 2088 cum
1923 2055 2084 2089 maxime
2100 2061 2175 2091 tam

514 2114 653 2156 multae
675 2114 750 2148 sint
772 2124 832 2147 re·
854 2124 942 2156 quas
966 2113 1003 2146 in
1026 2112 1201 2146 narrando
1223 2110 1296 2142 sibi
1316 2119 1510 2153 proponere
1532 2111 1650 2152 potest
1670 2118 1790 2141 rerum
1818 2108 2004 2150 scriptor?
2050 2112 2175 2153 Quare

514 2171 611 2200 reete
642 2167 735 2199 mihi
766 2166 990 2204 Baeumhin,
1024 2166 1093 2197 hoc
1122 2162 1200 2197 esse
1226 2164 1264 2195 in
1294 2163 1366 2196 viri
1396 2163 1499 2195 illius
1529 2162 1626 2195 docti
1654 2162 1750 2194 libro
1782 2154 1968 2202 πρῶτον
2000 2155 2176 2204 ψεῦδος,

515 2209 773 2261 ιιιιοιὶἰίἰοιιιιι,
804 2219 947 2251 videtur
976 2217 1209 2251 contendisse.
1254 2216 1303 2249 Ut
1324 2216 1448 2258 aliqua
1476 2227 1519 2248 ex
1542 2215 1711 2249 Sallustii
1733 2215 1913 2248 sententia
1936 2215 2178 2250 dubitationis

516 2283 624 2306 eausa
646 2276 802 2315 petatur,
827 2281 935 2305 causa
958 2276 1063 2311 certe,
1086 2281 1151 2304 eur
1172 2271 1267 2304 bono
1291 2269 1460 2314 scriptori
1484 2269 1569 2302 fides
1593 2270 1800 2313 abrogetur,
1824 2269 1909 2302 inde
1930 2270 2083 2313 petenda
2109 2282 2177 2304 nou

516 2330 605 2360 erat.
650 2325 720 2357 Sed
742 2326 787 2357 de
809 2325 871 2356 his
893 2328 974 2366 post
998 2324 1210 2358 videbimuu.

1786 2381 1812 2418 3
