2376 2837
224 890 345 959 Ubi
371 921 543 969 primum
568 925 660 969 post
684 922 840 970 long-am
875 921 1116 959 oblivionem
1149 922 1503 971 turpissimumque
1528 923 1743 961 multorum
1776 924 2000 963 seculorum
2034 938 2099 964 ao-

224 994 360 1033 porem
392 982 608 1021 latinarum
643 983 805 1022 emersit
838 983 1012 1022 studium
1045 983 1283 1031 litterarum,
1317 981 1510 1022 Cicerone
1537 996 1617 1023 non
1643 984 1743 1022 alins
1770 985 1943 1034 scriptor
1976 989 2099 1036 magia

223 1050 381 1093 ceperat
406 1046 612 1083 hominum
639 1047 796 1084 studiaz
829 1048 937 1084 hunc
971 1047 1171 1091 fovebant,
1204 1046 1312 1084 hune
1347 1046 1389 1084 in
1422 1047 1513 1085 sinu
1545 1048 1763 1097 gestabant,
1798 1048 1907 1086 buno
1932 1052 2097 1091 summis

222 1107 407 1147 ferebant
430 1107 612 1147 laudibus
640 1108 809 1158 eJusque
835 1107 997 1159 scripta,
1025 1108 1059 1146 si
1087 1120 1189 1159 quae
1209 1108 1537 1149 bibliothecarum
1558 1109 1727 1147 obducta
1746 1110 1828 1148 situ
1850 1113 1893 1147 et
1911 1112 2094 1160 squalore

215 1170 439 1220 petierant,
474 1170 569 1207 laeti
600 1171 643 1208 in
668 1171 799 1209 lucem
834 1170 1050 1209 efferebant
1083 1172 1298 1219 multisque
1331 1173 1520 1220 exemplis
1553 1172 1883 1219 multiplicabant.
1951 1174 2090 1223 Neque

220 1237 359 1281 postea
385 1234 617 1271 imminutus
651 1238 714 1271 est
744 1235 812 1273 hic
844 1234 1046 1272 hominnm
1079 1234 1197 1272 ardor
1230 1236 1272 1271 et
1305 1233 1529 1283 admiratio,
1564 1234 1649 1281 sed,
1682 1236 1718 1274 si
1753 1247 1856 1273 unns
1888 1239 1959 1275 aut
1993 1238 2095 1276 ulter

220 1294 342 1332 aliam
368 1296 494 1346 magis
521 1295 598 1333 sibi
622 1296 780 1346 probari
808 1298 961 1335 diceret
986 1296 1236 1346 antiquitatis
1263 1297 1512 1345 scriptorem,
1540 1297 1770 1335 Ciceronem
1790 1298 1963 1346 optimus
1985 1301 2094 1348 qnia-

221 1369 299 1406 qne
323 1358 506 1397 laudibus
534 1359 738 1405 extollere,
766 1359 999 1397 ciceronem
1025 1359 1261 1396 imitandum
1267 1359 1476 1408 juventuti
1498 1360 1721 1397 litterarum
1743 1360 1945 1398 studiosae
1966 1367 2093 1400 certa·

217 1419 292 1457 tim
317 1432 553 1471 proponere,
581 1420 702 1471 hujus
730 1421 999 1460 admirabilem
1027 1421 1272 1470 gravitatem,
1300 1420 1534 1466 doctrinam,
1561 1422 1834 1467 subtilitatem,
1869 1423 2094 1461 hnmanita-

215 1485 300 1521 tem
325 1483 499 1532 deniqne
524 1483 576 1522 ad
602 1483 733 1521 sidera
759 1483 913 1529 tollere,
945 1484 1121 1532 reliquos
1148 1494 1284 1520 omnes
1309 1493 1404 1533 prae
1429 1482 1508 1520 hoc
1542 1484 1711 1520 mirifice
1738 1487 2000 1521 contemnere.
2055 1488 2091 1524 A

217 1556 293 1595 qno
320 1545 475 1583 ardore*
489 1547 566 1583 etsi
594 1546 837 1593 aliquantum
865 1546 1020 1583 remisit
1046 1545 1244 1594 posterior
1271 1550 1390 1590 aetas,
1423 1546 1478 1582 ita
1511 1549 1558 1582 nt
1582 1545 1748 1593 reliquia
1776 1545 1895 1582 etiam
1921 1547 2090 1595 scripto-

214 1609 323 1646 ribus
351 1619 467 1645 suum
493 1608 639 1657 cuique
673 1606 830 1645 dederit
862 1607 1005 1654 locum,
1036 1607 1222 1645 Ciceroni
1253 1611 1387 1646 tamen
1421 1608 1574 1645 nullum
1609 1607 1801 1656 aequavit,
1834 1608 1941 1645 hunc
1975 1612 2088 1657 quasi

218 1671 371 1709 fontem
398 1669 595 1719 quendam
626 1681 840 1719 perennem
867 1669 982 1708 latini
1008 1669 1200 1709 sermonis
1227 1669 1354 1707 coluit
1380 1673 1422 1707 et
1449 1669 1762 1708 adolescentibus
1790 1670 2088 1709 commendavit.

217 1733 350 1782 Quare
377 1732 413 1771 si
435 1734 519 1783 Jam
548 1733 636 1782 quis
664 1732 806 1778 harum
832 1745 968 1771 rerum
996 1733 1126 1770 minas
1153 1744 1300 1782 gnarus
1327 1733 1456 1770 animo
1484 1732 1692 1781 concipiat,
1722 1730 1761 1767 in
1789 1730 1908 1780 hujus
1929 1732 2088 1782 scriptis

216 1796 394 1844 edendis,
422 1795 691 1842 emendandis,
728 1794 973 1833 illustrandis
1001 1795 1173 1844 deniqne
1201 1799 1241 1832 et
1267 1794 1554 1844 pertractandis
1581 1794 1637 1831 ita
1665 1797 1839 1830 versatos
1866 1806 1954 1831 esse
1982 1795 2086 1833 viros

216 1858 366 1906 doctos,
399 1858 548 1896 nostris
582 1864 629 1896 ut
662 1857 763 1895 nihil
797 1858 886 1896 fere
920 1859 1105 1897 relictum
1139 1858 1196 1895 ait
1229 1858 1468 1903 hominibus,
1499 1856 1534 1893 is
1568 1867 1718 1903 causam
1744 1856 1967 1904 susceperit
1992 1857 2087 1897 satis

214 1932 301 1958 eam
329 1922 487 1970 quidem
515 1922 746 1970 speciosam,
781 1933 804 1958 a
831 1933 925 1958 vero
950 1924 1082 1958 tamen
1116 1921 1219 1958 eheu
1254 1923 1443 1968 quantum
1477 1918 1604 1957 absit!
1646 1917 1772 1964 Quam
1807 1917 1942 1957 multis
1978 1920 2086 1958 enim

216 1983 314 2022 locis
351 1984 457 2021 viros
491 1983 741 2021 doctissimos
769 1984 947 2022 videmus
982 1982 1164 2021 dubitare
1197 1985 1238 2019 ct
1264 1981 1370 2018 inter
1403 1992 1445 2018 se
1480 1979 1716 2028 discrepare,
1751 1990 1852 2018 nova
1884 1982 2087 2029 postulare

214 2045 412 2097 praesidia
438 2051 480 2084 et
506 2045 750 2096 adJumenta,
777 2047 1005 2096 priusquam
1033 2044 1287 2088 decanatum
1314 2054 1444 2091 neque
1472 2040 1572 2079 illud
1599 2041 1689 2079 fieri
1716 2042 1758 2079 in
1780 2043 1899 2082 rebus
1921 2044 2086 2085 minoris

212 2109 415 2155 momenti,
442 2108 573 2146 verbis
600 2108 779 2158 singulis,
807 2107 987 2156 ambigue
1014 2105 1143 2152 dictis,
1169 2105 1379 2143 manifesto
1406 2103 1643 2155 depravatis,
1670 2103 1743 2142 sed
1762 2104 1819 2147 ,de
1845 2105 1943 2146 totis
1970 2105 2086 2147 dnbi—

212 2171 288 2209 tari
322 2170 509 2219 operibus
536 2169 705 2219 genuina
739 2181 788 2206 an
815 2168 1020 2218 supposita
1046 2167 1139 2213 sint,
1172 2166 1378 2204 Ciceronis
1412 2166 1584 2216 ingenio,
1617 2167 1826 2216 gravitate,
1861 2167 2089 2218 disputandi

213 2232 403 2278 sollertia,
431 2231 591 2268 dicendi
619 2231 791 2280 deniqne
818 2230 858 2267 vi
879 2233 956 2281 'aut
984 2233 1186 2266 venustate
1213 2228 1331 2278 digna
1355 2228 1527 2277 indigna,
1554 2229 1690 2268 multis
1718 2230 1850 2268 verbis
1877 2223 2088 2279 speciosis·

213 2308 290 2346 que
314 2294 529 2334 rationibus
558 2293 601 2331 in
627 2296 841 2342 utramque
868 2295 1022 2341 partem
1050 2290 1255 2341 disputari.
1309 2291 1390 2330 Sed
1417 2303 1468 2329 ne
1496 2290 1584 2341 quis
1612 2302 1659 2329 ea
1688 2291 1738 2330 de
1767 2304 1885 2334 cansa
1900 2290 2005 2333 hane
2025 2304 2086 2331 ar-

1588 2354 1611 2389 1
1639 2353 1666 2376 ¹·
1916 2364 1919 2366 “
