2376 2837
939 139 996 145 -
1126 111 1183 158 21
1315 140 1371 145 „-

216 243 427 279 sutanum
442 242 526 277 aut
553 237 853 282 delectationem
882 207 971 279 gase
998 238 1286 290 conscriptum
1314 250 1402 278 nam
1430 238 1657 289 quicunque
1681 239 1895 278 orationem
1914 239 2091 278 habitam

213 301 361 339 litteris
388 302 604 351 consignat,
632 302 681 347 is,
708 313 809 350 quae
836 314 972 345 omues
1000 307 1161 349 norunt,
1188 302 1286 339 satis
1312 303 1472 340 habebit
1506 302 1771 351 significasse:
1813 303 1875 338 sin
1903 303 1992 352 quis
2022 302 2091 339 de-

215 363 498 401 clamationem
518 363 569 400 ad
596 363 847 401 umbratilem
873 366 1035 404 scholae
1058 365 1239 403 acm-siu
1264 364 1317 402 de
1344 365 1475 414 aliqua
1501 376 1547 401 re
1573 376 1622 401 ex
1648 364 1816 401 historia
1840 365 1961 413 petita
1983 375 2089 402 com-

213 417 419 474 posuerim
458 425 493 463 is
527 425 724 476 eJasmadi
752 426 1108 476 significationibus
1137 428 1360 466 necessario
1388 428 1616 474 abstinebit,
1650 427 1700 465 ad
1727 426 1834 466 locos
1863 438 2090 466 communes

214 491 258 525 et
288 488 470 537 speciose
504 488 612 526 dicta
649 488 862 538 confugiet,
898 491 939 528 in
974 490 1251 540 philosophiae
1284 491 1509 541 praeceptis
1537 502 1580 528 se
1603 490 1782 540 jactabit,
1815 490 2020 527 homiuum
2046 490 2088 526 iu

213 550 444 588 uuiversum
477 554 549 588 aut
583 554 803 599 temporum
837 553 1045 601 castigabit
1074 553 1294 600 rationem3
1334 555 1394 591 sin
1430 553 1482 590 ad
1515 554 1620 591 facta
1654 552 1845 600 quaedam
1888 550 2088 600 respiciat,

213 611 347 651 facere
387 624 468 652 nou
500 613 661 663 poterit,
702 613 796 663 quin
833 615 1094 653 narrationem
1129 614 1247 655 dictis
1281 617 1441 655 inserat.
1479 617 1538 655 ΔΔ
1574 628 1651 664 qua
1684 627 1729 652 re
1763 618 1955 663 quantum
1989 612 2089 650 haec

216 675 327 713 abeat
352 675 509 714 oratio!
543 709 548 713 .
1184 708 1186 710 ,
1229 678 1237 682 “

318 737 655 777 Commemoretur
681 740 780 777 mihi
807 744 967 789 praeter
993 741 1103 787 haec,
1146 754 1248 790 quae
1281 744 1552 789 necessariam,
1593 747 1638 779 ut
1665 742 1762 779 mibi
1790 740 1950 790 quidem
1978 740 2087 777 vide-

212 806 293 851 tur,
318 802 420 840 hauc
445 805 622 841 nostram
649 801 805 842 faciunt
831 802 1085 852 hypothesin,
1119 805 1282 855 languor
1308 804 1416 843 iliius
1452 805 1684 851 sententiae,
1718 816 1796 853 qua
1830 802 1906 841 sibi
1938 807 2088 849 orator,

211 875 292 904 nou
309 865 464 911 forum,
493 874 573 901 non
601 875 795 915 campum,
824 874 901 902 non
930 864 1077 903 lectum
1103 867 1276 916 denique
1294 868 1424 916 ipsum
1446 867 1629 904 attulisse
1656 866 1913 904 securitatem
1939 869 2087 901 narrat·

213 930 423 977 Languere
456 938 544 963 eam
580 926 687 963 nude
719 928 902 976 positam,
943 940 1097 976 vereor,
1137 934 1184 966 ut
1216 929 1424 978 quisquam
1460 932 1595 978 neget3
1635 928 1705 965 sed
1741 927 1806 964 fac
1840 940 1925 965 eam
1952 927 2090 975 paucis

214 988 456 1039 complecti,
485 999 588 1036 quae
631 990 734 1028 aliua
774 990 862 1039 quis
908 990 1042 1029 multis
1051 1009 1060 1016 -·
1078 995 1377 1041 exaggeraverat
1412 990 1561 1037 verbis,
1606 1002 1685 1028 non
1718 989 1797 1026 erit
1829 990 1970 1037 opinor
2004 989 2089 1027 siue

211 1052 465 1092 excusatione
489 1063 573 1089 aua.
628 1052 935 1091 Molestisaimae
968 1053 1074 1090 miliiv
1099 1057 1297 1103 postremo
1331 1065 1488 1104 semper
1522 1052 1628 1090 visae
1663 1057 1757 1090 sunt
1790 1055 1832 1088 et
1859 1051 2086 1101 deprecatio

213 1116 294 1162 illa,
321 1126 372 1151 ue
396 1114 524 1151 'durus
550 1118 595 1151 et
621 1115 778 1152 ferreus
806 1115 1020 1161 videretur,
1048 1121 1089 1154 et
1116 1115 1295 1165 conjugis
1322 1116 1507 1165 filiaeque
1535 1114 1866 1159 commemoratio;
1901 1114 2021 1151 immo
2049 1113 2084 1150 si

209 1182 309 1219 haee
336 1176 450 1216 uuna·
472 1177 709 1215 necessitate
735 1176 919 1226 imposita
952 1189 975 1213 a
999 1176 1193 1216 Cicerone
1227 1180 1361 1216 essent
1393 1177 1513 1224 dicta,
1548 1177 1796 1215 confidenter
1830 1175 2084 1221 affirmarem,

212 1252 290 1280 nou
316 1249 433 1289 posse
465 1237 569 1276 hanc
605 1238 820 1276 orationem
848 1251 870 1275 a
898 1236 1089 1276 Cicerone
1115 1250 1204 1276 esse
1229 1239 1505 1289 conscriptam.
1561 1238 1669 1286 Quid
1704 1250 1727 1275 a
1754 1238 1929 1275 consulis
1957 1237 2084 1284 digni-

211 1308 295 1343 tate
321 1305 364 1338 et
387 1290 645 1350 amplitudine
671 1300 793 1349 magis
818 1300 1002 1347 alienum,
1037 1314 1153 1350 quam
1178 1301 1221 1338 in
1248 1302 1368 1339 rebus
1395 1301 1572 1339 maximis
1600 1299 1862 1337 decernendis
1890 1298 2086 1343 confiteri,

211 1380 256 1408 se
288 1363 471 1416 conjugis
505 1366 547 1401 et
578 1363 795 1402 liberorum
829 1374 948 1412 saepe
980 1363 1140 1401 domum
1173 1364 1329 1402 avocari
1365 1368 1499 1410 metu;
1532 1362 1630 1412 quid
1665 1361 1787 1412 magis
1821 1366 1971 1411 pugnat
1997 1372 2086 1397 cum

210 1431 295 1470 viri
314 1426 505 1478 sapientis
530 1426 739 1476 gravitate,
773 1437 891 1475 quam
917 1426 1026 1464 hunc
1052 1438 1213 1464 suorum
1241 1435 1548 1464 commemorare
1583 1436 1802 1463 moerorem
1836 1429 1878 1461 et
1903 1427 2052 1461 metum
2066 1422 2087 1458 ‘3

209 1492 389 1533 Hoccine
415 1501 439 1527 a
465 1489 658 1527 Cicerone
685 1488 837 1525 dictum
863 1487 992 1526 videri
1018 1489 1183 1538 potest?
1231 1489 1315 1537 Ego
1351 1500 1444 1526 vero
1481 1489 1627 1527 multos
1662 1488 1751 1525 fore
1785 1488 1983 1536 opinabar,
2017 1487 2085 1533 qui

209 1557 308 1595 haec
334 1563 411 1591 non
438 1551 566 1590 solum
594 1562 617 1587 a
639 1550 788 1588 summi
815 1551 983 1589 oratoris
1011 1562 1191 1602 persona,
1226 1550 1296 1588 sed
1331 1552 1378 1588 ab
1415 1551 1523 1589 omni
1552 1551 1636 1588 veri
1673 1550 1807 1600 specie
1840 1550 1973 1587 abesse
2006 1547 2082 1584 sibi

208 1616 503 1669 persuaderent.
565 1615 653 1661 Qua
688 1613 738 1648 de
777 1625 896 1650 causa
928 1613 1039 1651 illam
1081 1615 1210 1652 noctis
1245 1614 1354 1650 iliius
1390 1614 1571 1651 funestae
1612 1612 1822 1651 informavi
1862 1611 2082 1659 imaginem,

208 1683 252 1719 id
280 1690 413 1730 agens,
449 1682 493 1714 ut
519 1676 635 1714 simul
663 1679 704 1712 et
731 1675 827 1724 quid
854 1677 1131 1715 commovisset
1156 1689 1260 1722 eum,
1296 1688 1413 1723 quem
1442 1682 1534 1713 ante
1560 1676 1785 1713 Ciceronem
1816 1673 1961 1710 dixisse
1989 1684 2080 1709 cen-

210 1754 293 1791 seo,
321 1744 364 1780 et
391 1739 488 1791 quid
514 1737 584 1777 ille
612 1737 863 1777 audientibus
890 1738 940 1777 ob
967 1738 1101 1778 oculos
1128 1739 1326 1789 posuisset
1354 1738 1615 1777 ostenderem.
1900 1741 1903 1746 '

314 1805 455 1853 Neque
482 1806 614 1839 tamen
641 1802 697 1838 ita
723 1802 826 1838 hanc
852 1813 937 1838 rem
965 1813 1089 1851 agam,
1124 1806 1170 1838 ut
1206 1814 1290 1838 eam
1326 1814 1427 1849 quae
1462 1802 1558 1837 mihi
1596 1805 1861 1836 commovetur
1889 1799 2082 1835 dubitatio

209 1868 368 1911 silentio
395 1877 582 1915 premam.
637 1865 744 1913 Quid
771 1868 845 1912 est,
872 1865 980 1915 quod
1007 1865 1148 1903 Cicero
1174 1865 1286 1901 illum
1316 1875 1392 1901 non
1421 1865 1624 1901 nomirarit
1650 1863 1881 1900 hominem?
1930 1861 2081 1899 Moles-

209 1939 321 1977 tum3
347 1931 516 1979 possunt
543 1932 672 1966 tamen
699 1927 845 1965 multae
873 1929 961 1978 ejus
986 1928 1047 1965 rei
1074 1927 1237 1977 cogitari
1265 1938 1414 1964 causae.
1443 1957 1445 1959 .
1468 1926 1576 1962 Fieri
1604 1924 1745 1974 potuit,
1774 1929 1820 1961 ut
1847 1925 1915 1961 ille
1949 1926 1990 1962 in
2012 1926 2081 1962 de-

207 1996 310 2034 liciis
337 1994 443 2030 esset
462 1989 658 2036 Ciceroni,
685 2001 806 2040 quare
833 2003 907 2041 ego
934 1990 1087 2041 pridem
1114 1989 1164 2027 de
1191 1991 1277 2038 ipso
1305 1988 1452 2036 Quinto
1473 1988 1654 2025 Ciceroni
1683 1988 1867 2038 cogitavi,
1893 1987 1959 2036 eui
1978 1987 2081 2025 hanc

209 2056 429 2095 orationem
454 2053 685 2102 tribuerem.
741 2053 881 2091 Multis
909 2057 1043 2091 tamen
1064 2051 1117 2088 de
1137 2052 1263 2090 causis
1282 2051 1385 2087 hanc
1406 2051 1533 2100 abJeci
1554 2052 1812 2088 sententiam:
1840 2050 1910 2087 sed
1933 2054 2081 2099 quanto

209 2119 360 2169 maJore
386 2127 476 2154 eum
502 2125 634 2153 amore
660 2104 800 2154 Cicero
828 2116 1150 2165 amplectebatur,
1186 2125 1233 2150 eo
1268 2114 1396 2150 minus
1425 2113 1595 2150 debebat
1629 2126 1715 2150 esse
1744 2112 1793 2151 ad
1822 2125 1913 2150 eum
1942 2117 2082 2150 notan-

208 2183 299 2220 dum
326 2190 475 2229 pronus
495 2182 602 2217 esse.
655 2177 834 2225 Accedit,
861 2177 966 2227 quod
993 2187 1070 2214 non
1099 2175 1364 2225 expostulavit
1380 2187 1472 2213 cum
1497 2175 1579 2223 illo,
1608 2175 1715 2225 quod
1743 2175 1878 2215 facere
1892 2177 1979 2228 jam
2002 2188 2082 2215 non

206 2246 373 2295 poterat,
399 2241 434 2277 si
461 2252 693 2290 persuasum
720 2240 794 2277 sibi
820 2240 1001 2285 habebat,
1030 2238 1308 2276 candidissime
1332 2251 1422 2276 eum
1450 2244 1491 2277 et
1518 2239 1782 2276 amantissime
1806 2239 1966 2277 dixisse.
2022 2240 2082 2277 Eo

207 2307 327 2356 magis
354 2308 486 2342 autem
513 2303 727 2341 abhorrere
755 2302 924 2341 debebat
957 2301 1004 2340 ab
1031 2302 1138 2340 omni
1166 2303 1376 2340 verborum
1405 2303 1631 2348 acerbitate,
1665 2301 1699 2338 si
1735 2301 1842 2340 forte
1876 2304 1962 2352 ipse
1997 2309 2083 2341 erat
