2376 2837
944 107 1376 156 ,25-

333 232 582 282 Pange-pho
599 232 935 272 ⁷duodevicesima
968 245 1050 282 eos,
1077 246 1136 272 ne
1169 234 1301 273 desint
1332 236 1480 285 populo
1507 236 1697 284 Romano,
1732 238 1968 286 admonitos,
2004 239 2101 288 quid

230 295 282 334 ad
305 300 468 334 strenue
494 296 689 345 agendum
712 306 782 335 eos
810 296 1011 337 cohortari
1037 296 1193 344 debeat,
1219 298 1404 348 exponit:
1440 297 1619 346 deorum,
1656 311 1757 348 quae
1783 301 1987 340 consulem
2012 310 2099 338 set-

229 356 383 412 vaverit
413 356 743 405 benevolentiam,
777 359 1023 398 communem
1049 359 1227 398 omnium
1254 359 1440 399 ordinum
1470 361 1725 408 voluntatem,
1758 363 1911 411 patriae
1943 375 2098 413 preces,

230 419 775 470 conjugamjiberorumque
801 422 1035 473 pericnlum.
1103 423 1284 472 Quantae
1320 422 1466 460 deinde
1499 423 1551 461 ad
1585 423 1628 459 id
1661 424 1946 473 perficiendum
1981 426 2098 464 datae

229 481 312 519 sint
342 481 495 530 copiae,
530 481 715 520 admonet
741 483 778 533 5.
805 484 868 531 19,
895 484 975 523 dux
1007 486 1106 535 ipsis
1133 485 1306 531 deditus,
1339 485 1516 523 omnium
1542 485 1687 524 deinde
1721 486 1906 523 ordinum
1931 499 2097 526 consen-

229 555 309 592 sus,
342 544 489 594 quibus.
520 543 640 586 rebus
675 545 755 585 illis
790 558 876 586 eam
911 547 1103 598 injectam
1133 559 1223 587 esse
1259 547 1519 596 alacritatem,
1554 559 1631 597 qua
1662 548 1791 598 ipsum
1824 559 1950 599 paene
1983 561 2097 599 prae-

230 610 447 645 currerent.
466 604 509 656 ι)
678 615 681 618 ’

334 668 439 707 Tum
465 667 503 717 5.
525 669 578 707 w
604 671 654 708 ad
680 683 723 709 se
750 672 881 721 ipsum
905 684 1102 718 reversus,
1128 685 1172 711 se
1198 673 1449 711 inimicorum
1475 686 1557 712 non
1583 676 1763 712 metuere
1789 685 2011 723 numerum,
2039 676 2098 715 af-

233 731 378 778 firmat,
415 730 499 779 sed,
526 735 573 771 ut
597 732 666 771 isti
693 733 905 783 aliquando
938 733 1028 783 plus
1054 733 1247 782 valerent,
1280 745 1481 783 nunquam
1513 738 1646 773 tamen
1682 735 1785 783 fore,
1821 738 1867 772 ut
1898 735 2022 786 hujus
2056 750 2099 776 se

230 791 328 833 facti
352 794 575 842 poeniteat3
602 807 652 833 se·
672 807 823 834 summa
842 796 929 845 jam
955 794 1074 833 laude
1100 797 1286 845 potitum,
1314 807 1556 833 summorum
1582 798 1756 834 virorum
1784 798 1982 847 attingere
2015 800 2099 849 glo-

228 854 343 894 riam.
403 853 441 906 5.
468 857 533 896 21.
586 857 777 908 Magnum
804 856 966 908 quidem
992 856 1069 895 sibi
1093 858 1137 895 in
1162 861 1368 907 posterum
1393 858 1642 907 propositum
1669 871 1756 896 esse
1783 863 1994 908 certamen,
2027 862 2101 900 sed

231 919 445 966 confidere,
472 932 516 958 se
543 922 583 958 ei
609 932 747 969 parem
771 920 862 958 fore
888 918 926 968 5.
948 919 1013 957 22.
1040 942 1091 948 -
1119 919 1224 958 Tum
1248 920 1426 970 patribus
1453 932 1525 969 pro
1551 920 1615 958 his
1642 922 1764 960 tantis
1791 921 1875 960 suis
1901 921 2102 963 laboribus

229 992 342 1020 suam
368 983 617 1033 commendat
647 982 828 1032 salutem,
862 995 963 1033 quae
989 983 1025 1023 si
1051 983 1181 1022 minus
1216 981 1379 1021 defendi
1411 985 1558 1033 posset,
1593 982 1720 1020 filium
1757 994 1808 1020 ne
1841 982 2103 1024 destituerent

228 1042 267 1093 5.
292 1043 346 1080 28
378 1047 421 1081 et
451 1045 669 1082 fortissime
703 1044 964 1093 adhortando,
1000 1039 1047 1084 u}
1079 1050 1241 1083 strenue
1274 1045 1511 1082 sententiam
1545 1041 1738 1090 dicerent,
1774 1046 1944 1082 orationi
1979 1047 2100 1086 finem

227 1107 408 1155 imponit.

335 1167 458 1217 Vides
484 1170 528 1208 in
552 1182 705 1210 summa
731 1170 963 1222 aequalitate
984 1181 1175 1210 summam
1194 1169 1335 1209 harum
1363 1170 1537 1220 partium
1566 1170 1954 1207 dissimilitudinem=
1989 1176 2098 1210 utra-

229 1243 307 1282 que
332 1233 376 1269 in
409 1232 489 1271 dno
524 1233 699 1271 membra
734 1234 939 1280 dividitur,
975 1245 1143 1282 quorum
1174 1234 1287 1282 prius
1322 1234 1447 1283 partis
1482 1235 1633 1282 primae
1665 1231 1704 1280 5.
1733 1232 1853 1269 1-3
1885 1235 2099 1282 posteriori

229 1295 356 1346 partis
383 1298 581 1336 extremae
607 1293 645 1344 5.
672 1294 843 1334 2⁰—ae
867 1307 940 1345 per
968 1295 1183 1334 ehiasmum
1209 1294 1419 1345 quendam,
1446 1306 1566 1344 quem
1593 1293 1744 1342 dicunt,
1776 1294 2008 1345 respondet,
2044 1297 2101 1335 ita

229 1364 276 1396 ut
302 1358 432 1397 media
457 1358 600 1396 eodem
623 1359 741 1396 modo
769 1358 877 1395 inter
903 1370 947 1396 se
974 1358 1218 1396 conveniant.
1280 1357 1372 1395 Sed·
1387 1358 1430 1395 in
1456 1358 1583 1407 prima
1607 1360 1722 1406 parte
1754 1368 1799 1395 se
1831 1369 2019 1406 perversa
2050 1361 2102 1396 ti-

228 1433 339 1459 mere
363 1433 458 1471 prae
484 1433 529 1459 se
554 1420 648 1469 fert,
676 1421 717 1459 in
731 1424 907 1459 extrema
927 1433 971 1459 se
987 1419 1201 1459 laetissima
1220 1432 1401 1470 quaeque
1420 1431 1607 1470 sperare3
1633 1419 1763 1468 prima
1783 1418 1956 1458 flebilem
1976 1432 2101 1470 quan-

231 1484 321 1522 dam
357 1483 573 1523 amicorum
606 1484 737 1534 ipsum
771 1482 1144 1521 circumsedentium
1183 1482 1352 1532 respicit
1393 1483 1632 1529 orationem,
1672 1485 1847 1520 extrema
1883 1481 2100 1528 laetissima

230 1559 408 1597 quaeque
435 1549 668 1598 auguratum
693 1545 775 1594 illa,
803 1557 901 1595 quos
929 1545 1087 1583 dolores
1113 1545 1266 1593 tulerit,
1293 1544 1382 1593 bac,
1409 1557 1508 1595 quae
1534 1545 1710 1594 praemia
1729 1547 1874 1593 speret,
1901 1546 2101 1602 ostendit3

228 1610 357 1659 prima
383 1609 554 1658 denique
579 1621 672 1659 pars
706 1609 756 1646 ad
783 1608 1049 1647 excusandum
1074 1610 1205 1646 minus
1230 1620 1398 1658 gnavum
1432 1608 1648 1646 amicornm
1684 1608 1866 1654 animum,
1899 1612 2100 1656 postrema

232 1671 283 1709 ad
310 1671 590 1710 fortitudinem
616 1675 658 1711 et
685 1670 996 1720 magnitudinem
1022 1670 1143 1708 animi
1163 1671 1347 1708 omnibus
1369 1669 1589 1709 addendam
1610 1669 1762 1719 egregie
1785 1672 1846 1705 est
1866 1672 2098 1719 composita.

302 1740 308 1746 '
334 1735 464 1773 Simili
491 1734 650 1773 vinculo
676 1735 783 1772 inter
810 1746 853 1771 se
876 1733 1133 1773 continentur
1161 1731 1306 1781 prioris
1327 1732 1452 1783 partis
1472 1733 1687 1771 membrum
1708 1731 1905 1781 posterius
1925 1728 1964 1780 5.
1977 1733 2098 1773 4-8

230 1810 320 1837 cum
345 1796 580 1848 posterioris
608 1796 733 1848 priori
760 1793 799 1845 §.
826 1795 889 1843 18,
917 1794 980 1834 19.
1038 1795 1264 1844 Utrumque
1289 1795 1333 1832 in
1358 1795 1445 1845 ipsa
1475 1794 1669 1831 relatione
1702 1796 1896 1841 versatur,
1930 1795 2003 1832 sed
2037 1797 2097 1834 di-

230 1872 343 1900 verso
371 1864 503 1899 tamen
530 1861 659 1899 modo.
715 1859 829 1897 Prius
858 1871 1014 1898 causam
1042 1857 1244 1909 proponit,
1272 1856 1444 1897 consulis
1471 1855 1615 1894 deinde
1639 1856 1842 1906 subjungit
1860 1859 2096 1906 postulatio-

229 1936 332 1970 nem,
367 1925 414 1960 ut
439 1922 549 1961 illico
577 1922 760 1962 dicantur
785 1921 1019 1970 sententiae,
1053 1917 1253 1973 posterius
1279 1919 1440 1957 fortiter
1473 1919 1628 1957 dicendi
1663 1918 1902 1957 adminicula
1934 1919 2098 1959 demon·

231 1989 350 2033 strat3
377 1983 479 2025 illud
499 1984 550 2022 ad
576 1986 829 2026 severitatem
858 1987 899 2022 et
925 1986 1157 2034 gravitatem
1183 1985 1354 2028 revocat,
1380 1981 1458 2019 hoc
1471 1981 1626 2018 aculeos
1645 1982 1776 2018 animo
1796 1982 1953 2029 subdit;
1980 1987 2098 2021 acute

229 2050 272 2087 in
297 2049 382 2095 illo,
407 2058 557 2097 presse,
584 2048 755 2097 graviter
781 2050 825 2085 et
850 2049 1077 2086 constanter
1104 2044 1215 2091 dixit,
1242 2045 1285 2082 in
1310 2044 1388 2081 hoc
1414 2044 1602 2089 animose,
1635 2043 1809 2089 fortiter,
1843 2044 1908 2081 sui
1933 2044 2098 2093 oblitus,

227 2111 288 2149 rei
313 2109 495 2161 publicae
521 2120 683 2148 memor.

381 2248 413 2290 ¹)
434 2218 592 2289 Apparet
613 2256 657 2279 ex
678 2246 753 2288 his,
774 2247 897 2290 plures
913 2244 992 2286 jam
1014 2243 1158 2278 fortiter
1168 2242 1320 2285 dixi-m
1344 2244 1439 2288 quod
1459 2255 1552 2280 novo
1574 2248 1628 2279 est
1648 2245 1874 2287 testimonio,
1895 2256 1966 2281 non
1975 2248 2100 2282 statim

434 2302 515 2344 post
537 2300 729 2336 Gaesarem
749 2301 843 2336 banc
865 2301 1065 2336 orationem
1085 2309 1161 2334 esse
1181 2299 1363 2338 habitam.

1755 2358 1784 2395 4
